event_id,ts,symbol,price,volume
bb944736-f348-4bdf-a86c-24ab72c11324,2026-02-10 06:00:12+00:00,BTCUSDT,26957.98171,2.071223
0e0214db-b78d-4236-9e46-3d7237ba73f8,2026-02-10 06:01:06+00:00,BTCUSDT,26977.180224,1.936585
c11777c5-ca2e-4996-84e7-fb0239864cdd,2026-02-10 06:01:09+00:00,BTCUSDT,26990.111938,1.97312
bccc6e09-27ad-44a5-afe9-d8329f7ffac8,2026-02-10 06:02:03+00:00,BTCUSDT,26989.063458,1.064276
58bc4def-fd52-447a-a961-da5bf0981c2d,2026-02-10 06:02:36+00:00,BTCUSDT,27003.270618,1.969296
a38e411e-a46f-4dec-a60e-9b6ae0ac34b3,2026-02-10 06:02:57+00:00,BTCUSDT,27015.633742,1.044034
7866d781-9523-4a01-af10-a6d1c92280c3,2026-02-10 06:03:06+00:00,BTCUSDT,27023.964259,1.110514
27679b4d-d483-4d08-a4b3-9c08489f4734,2026-02-10 06:03:15+00:00,BTCUSDT,27020.642161,1.635369
163b9fd4-8c60-4e12-bd89-cce7ad87d37e,2026-02-10 06:03:30+00:00,BTCUSDT,27021.78866,3.125424
45bd80cd-72d7-48e1-9d3a-66d547cb99c1,2026-02-10 06:03:42+00:00,BTCUSDT,27040.460759,2.118666
3b5eb242-c00a-4432-87f6-37114d5ecbda,2026-02-10 06:03:51+00:00,BTCUSDT,27048.229264,2.071606
75000e11-178b-4011-8cb1-3a544420f40a,2026-02-10 06:04:09+00:00,BTCUSDT,27061.135352,1.173106
cc56def6-c64e-46b7-bc10-bffbd57eb0f7,2026-02-10 06:04:12+00:00,BTCUSDT,27061.904227,2.367346
ace6d4d2-90e2-4718-8d2c-44cf15ac1d7d,2026-02-10 06:04:15+00:00,BTCUSDT,27071.870729,2.738042
fe2393f1-2525-4374-a3fb-bc018c2315ec,2026-02-10 06:04:42+00:00,BTCUSDT,27091.871494,2.962157
7b0383a1-67ca-4e5c-88ee-5bb09fc961f7,2026-02-10 06:05:21+00:00,BTCUSDT,27067.126545,1.991008
da316b59-b1f1-4d10-988c-7252c4277d89,2026-02-10 06:05:33+00:00,BTCUSDT,27083.545262,1.087391
a8544ab7-7e7d-4bf7-b3cf-6af0da59d0cf,2026-02-10 06:05:45+00:00,BTCUSDT,27086.44537,2.113823
0fd52283-8355-4bc0-9998-e6e1a44c5e04,2026-02-10 06:06:06+00:00,BTCUSDT,27070.819589,2.429737
f49ec02e-fb2c-4e92-9e15-392ef3cf3b23,2026-02-10 06:06:24+00:00,BTCUSDT,27083.228538,2.993378
55b3f799-dbe5-491d-9b89-3159259eeb02,2026-02-10 06:06:36+00:00,BTCUSDT,27074.281137,1.691137
3c25b234-fadc-4100-be2f-608421145673,2026-02-10 06:06:39+00:00,BTCUSDT,27087.844782,1.523079
f9293239-8d92-4b1b-b4ae-2377d6e1c7bf,2026-02-10 06:06:57+00:00,BTCUSDT,27093.391196,1.975719
4ae5199e-2fba-4e34-abe6-d19c08223dd7,2026-02-10 06:07:09+00:00,BTCUSDT,27095.321221,2.064711
75102b38-e27f-403f-bd9b-97c54ef578e5,2026-02-10 06:07:21+00:00,BTCUSDT,27100.666213,3.21657
132eedd9-683f-471b-8869-b2dbaad6cad3,2026-02-10 06:08:00+00:00,BTCUSDT,27107.908067,3.795941
9bad6359-eef9-4232-9782-7ec928d12eea,2026-02-10 06:08:03+00:00,BTCUSDT,27121.168477,1.952878
6b5c857d-c3eb-4b86-bef6-11795f55003b,2026-02-10 06:08:06+00:00,BTCUSDT,27115.008674,3.010956
3e944ebc-edbc-4baa-964b-fb175b7de5a9,2026-02-10 06:08:39+00:00,BTCUSDT,27105.244298,0.739622
475fc6bc-08a8-4ca0-9a4f-c150a96343fd,2026-02-10 06:08:42+00:00,BTCUSDT,27104.223119,1.03691
32aa4ad8-47ba-4831-b8e3-6be3ecfd9488,2026-02-10 06:08:51+00:00,BTCUSDT,27096.64301,0.309786
0da41e9b-8dce-4c98-a12c-9cce77f9eeaf,2026-02-10 06:09:18+00:00,BTCUSDT,27084.742755,3.011322
56fe4574-1259-4732-b234-5ee71aac499f,2026-02-10 06:09:21+00:00,BTCUSDT,27100.415211,2.588607
173df57f-0570-464f-ab60-097e5bb737d4,2026-02-10 06:09:27+00:00,BTCUSDT,27091.433113,1.576239
233e80d2-5671-4de6-9760-488c5826c942,2026-02-10 06:10:03+00:00,BTCUSDT,27109.243207,1.633936
eb201c6e-7d27-442b-ab68-a714b025d5a4,2026-02-10 06:10:21+00:00,BTCUSDT,27115.710127,1.221376
f2e3f46f-747f-4125-9779-1b232d228b34,2026-02-10 06:10:33+00:00,BTCUSDT,27130.948405,1.742364
a585bded-b1e0-4956-bc21-33c8e18558ed,2026-02-10 06:10:42+00:00,BTCUSDT,27117.733725,1.870965
fd0d70b7-3729-4ea2-aca9-37618883d85f,2026-02-10 06:11:00+00:00,BTCUSDT,27123.762485,1.908738
48be3cc7-33c9-48d9-9349-50a25240ab8e,2026-02-10 06:11:03+00:00,BTCUSDT,27131.370861,3.44172
e3607e7f-9785-4165-9e14-7514e5d380b9,2026-02-10 06:11:24+00:00,BTCUSDT,27142.653116,2.472839
846252c8-d185-4060-a3d5-72531b22a440,2026-02-10 06:11:30+00:00,BTCUSDT,27153.524683,2.303888
85010852-8071-4632-be80-f0a33aadf8c7,2026-02-10 06:11:51+00:00,BTCUSDT,27155.311401,3.538234
f0c649ad-3c89-49ab-b46e-2c40bb489c19,2026-02-10 06:12:12+00:00,BTCUSDT,27143.002586,1.948033
7b553d9d-2a1e-45cc-b1cd-86108d981c66,2026-02-10 06:12:15+00:00,BTCUSDT,27128.005414,2.642522
ca7fc28f-d849-4df5-b4f0-93be8d47672c,2026-02-10 06:12:21+00:00,BTCUSDT,27112.272823,1.099957
ee751eb8-4e5e-4172-b650-fc99173d505b,2026-02-10 06:12:30+00:00,BTCUSDT,27128.430897,1.544151
bd7fd7be-49b3-460f-b972-958444495c74,2026-02-10 06:12:48+00:00,BTCUSDT,27122.873316,0.832798
edf31f82-7c90-4425-9830-4f2035f2f39d,2026-02-10 06:13:00+00:00,BTCUSDT,27113.162889,0.203701
0d563050-18a8-40df-93d3-1faeb547917b,2026-02-10 06:13:03+00:00,BTCUSDT,27112.909305,3.139456
fd6b00aa-e4a2-40d9-99d6-1eb8a113b101,2026-02-10 06:13:12+00:00,BTCUSDT,27099.088929,2.730688
a2f463db-e5ed-4ad8-9992-b68f3e3fa741,2026-02-10 06:13:21+00:00,BTCUSDT,27109.860872,3.488073
749b65de-68fd-412f-922d-dae8b9a8a6db,2026-02-10 06:13:36+00:00,BTCUSDT,27102.458256,1.624701
c1c52cac-f32f-482a-9c5c-ccb40a5e44c7,2026-02-10 06:13:45+00:00,BTCUSDT,27116.627744,1.519679
76e4249e-68ed-4447-8bab-0af70d32c603,2026-02-10 06:14:09+00:00,BTCUSDT,27105.827609,2.633147
d1e95d47-6b92-46c8-a2cc-d6462a2677b9,2026-02-10 06:14:33+00:00,BTCUSDT,27100.820411,1.680219
572d3c3e-cba1-47f3-aee5-dc01ceeedbc5,2026-02-10 06:14:36+00:00,BTCUSDT,27084.674817,1.975161
2240c044-712c-4c9a-a03f-357ac5674222,2026-02-10 06:15:00+00:00,BTCUSDT,27080.831961,2.025863
e3a830c6-f050-480b-8565-48e76c8336b0,2026-02-10 06:15:06+00:00,BTCUSDT,27076.174203,2.083275
7790e165-9b53-45c1-b3e8-76599551e76a,2026-02-10 06:15:18+00:00,BTCUSDT,27062.312271,2.363715
329442f8-39d6-419b-8558-b2d8ab731624,2026-02-10 06:15:51+00:00,BTCUSDT,27046.604201,1.276019
7e8712cd-0669-465a-901d-fdb451792a4d,2026-02-10 06:16:00+00:00,BTCUSDT,27049.928592,2.302779
87fb580c-6148-4b93-a719-6ce05b777c67,2026-02-10 06:16:06+00:00,BTCUSDT,27032.360895,0.39776
e155f662-dda8-4165-883e-51028d8ab853,2026-02-10 06:16:15+00:00,BTCUSDT,27022.780733,1.280895
915be43c-6ca4-4dba-b11b-b20ad6e57f46,2026-02-10 06:16:18+00:00,BTCUSDT,27017.783641,3.098253
299d4af9-4120-40f5-9b45-851acf5a22a5,2026-02-10 06:16:21+00:00,BTCUSDT,27036.147718,1.845187
0ffcfa3c-bfa8-444b-a017-0d06a9dd8d77,2026-02-10 06:16:24+00:00,BTCUSDT,27021.674748,2.518756
10165c35-16f4-43a9-97d2-1dc88ca4a673,2026-02-10 06:16:30+00:00,BTCUSDT,27023.743029,2.053912
f931def2-4cca-4878-a886-7e13bcb157cd,2026-02-10 06:16:33+00:00,BTCUSDT,27005.257241,1.650786
f1f613e7-9783-48fe-83a6-41d6bd3c24f6,2026-02-10 06:16:39+00:00,BTCUSDT,27013.899959,0.0
85b8e840-6af4-4138-9bb3-5ba7f33209cc,2026-02-10 06:16:51+00:00,BTCUSDT,27019.47106,2.65477
2a645d9f-a977-4b26-aa2e-4e7d07f15efe,2026-02-10 06:16:54+00:00,BTCUSDT,27034.139243,1.526552
4ab12233-4bcd-4cee-8b8c-d63353cfa9a3,2026-02-10 06:17:18+00:00,BTCUSDT,27019.493134,2.760534
def80824-5917-4464-8cb3-48c85842d081,2026-02-10 06:17:39+00:00,BTCUSDT,27028.626616,1.195133
7e0979ab-2bdd-41a6-98fb-c5f8b634030e,2026-02-10 06:17:54+00:00,BTCUSDT,27045.257683,1.45114
c398afe9-d6c0-454d-8eb2-eb45ee9bcdc6,2026-02-10 06:18:00+00:00,BTCUSDT,27042.325701,3.147865
d695443d-4535-47d4-b473-111a8e5af95c,2026-02-10 06:18:03+00:00,BTCUSDT,27032.256181,0.943836
a426b424-22ee-4ba0-a585-320cbe98872b,2026-02-10 06:18:09+00:00,BTCUSDT,27039.849152,3.621306
7c8a632c-7503-4c26-95a4-514b140206ec,2026-02-10 06:18:24+00:00,BTCUSDT,27037.50178,0.344051
6734133e-3bbc-42cf-8890-ef01beca62ec,2026-02-10 06:18:30+00:00,BTCUSDT,27043.923802,1.614904
77eebe71-8178-4dcc-a147-9a91aff25dac,2026-02-10 06:18:33+00:00,BTCUSDT,27039.599796,4.018095
8e047e81-5b6d-45b8-9789-d8b5cf8af21e,2026-02-10 06:18:39+00:00,BTCUSDT,27050.402376,2.754184
1043dd38-b4c1-4360-93fb-1b828d1e26b4,2026-02-10 06:18:42+00:00,BTCUSDT,27054.581847,3.648222
76f674ac-16f5-4e00-8814-a6ea4bf84963,2026-02-10 06:19:06+00:00,BTCUSDT,27034.456587,1.266118
3b8f5d2f-2322-41dd-ba0f-98f7701c0faf,2026-02-10 06:19:18+00:00,BTCUSDT,27023.681343,0.63259
3465edf5-6f72-4c48-af4a-303cea764cb9,2026-02-10 06:19:21+00:00,BTCUSDT,27027.497371,1.818662
bec94c35-bd55-46ba-93b2-1658355cf107,2026-02-10 06:19:51+00:00,BTCUSDT,27037.708379,0.0
7b12e36a-d299-4670-8908-5299e4924716,2026-02-10 06:20:24+00:00,BTCUSDT,27029.230614,2.136039
cc342526-7aa5-46ca-b351-2b995056c5ed,2026-02-10 06:20:39+00:00,BTCUSDT,27014.165941,0.875532
88d2b831-f5a1-4758-be2f-c01dd6dab108,2026-02-10 06:20:42+00:00,BTCUSDT,27030.102723,2.089244
85a23407-2ebb-4f3a-9449-66719db814bb,2026-02-10 06:20:57+00:00,BTCUSDT,27031.467741,1.701312
02e8ded5-05b2-4af0-8596-b78fe2cd3ef8,2026-02-10 06:21:00+00:00,BTCUSDT,27024.818983,1.318807
02478380-9bcb-4f3a-8318-cdb36b037c1d,2026-02-10 06:21:03+00:00,BTCUSDT,27027.999732,2.859103
bc6c8be1-890d-41b5-9118-f85c58334b3d,2026-02-10 06:21:24+00:00,BTCUSDT,27027.689874,0.687168
4f33ce82-cb13-4fef-b235-0395c5e41c34,2026-02-10 06:21:27+00:00,BTCUSDT,27037.427439,2.33803
a88e2b14-ce0e-45cd-a94e-f2cf4689c52a,2026-02-10 06:21:42+00:00,BTCUSDT,27036.87261,2.266437
324ab0ff-0630-47db-97d4-cb2c978f89ff,2026-02-10 06:22:03+00:00,BTCUSDT,27038.209773,2.260349
228730a0-d056-4eb2-b9f8-b7ce3685f534,2026-02-10 06:22:06+00:00,BTCUSDT,27016.754346,2.824142
4cad29d9-bcb5-4d63-b4e9-68e085a0c0bb,2026-02-10 06:22:09+00:00,BTCUSDT,27026.608699,0.810354
d910f9dc-9650-421c-8e42-313da1bdf766,2026-02-10 06:22:12+00:00,BTCUSDT,27042.692273,1.342956
88d6df96-0818-4b83-a707-2fa6c3590ad5,2026-02-10 06:22:27+00:00,BTCUSDT,27054.995773,2.851389
85d9a1b7-fa44-4c45-bad3-a6a6448bb6d1,2026-02-10 06:22:33+00:00,BTCUSDT,27046.547393,1.773766
3eda3eb8-b235-4d79-a76d-fded052dee77,2026-02-10 06:22:45+00:00,BTCUSDT,27028.532177,3.721215
7a92cd03-2de9-4736-83f8-b900abbf355a,2026-02-10 06:22:51+00:00,BTCUSDT,27018.553697,2.577432
2ab04c21-82ff-4b75-9838-7f942c2c0b0c,2026-02-10 06:22:54+00:00,BTCUSDT,27014.541811,1.495604
0caffb03-7132-402d-802c-323308392d1b,2026-02-10 06:22:57+00:00,BTCUSDT,27032.434447,1.475302
1751de5b-6b72-4e07-814b-d38f3c244ff6,2026-02-10 06:23:00+00:00,BTCUSDT,27039.98759,3.094799
cea8e985-84b7-4602-b46a-ea41771c09cb,2026-02-10 06:23:03+00:00,BTCUSDT,27038.213771,1.416755
ed79cdbd-e075-4a13-b669-5135de6c58f6,2026-02-10 06:23:30+00:00,BTCUSDT,27043.010782,1.878018
7b0997df-a8ef-4d92-a4dd-88f7c9ab73d3,2026-02-10 06:23:36+00:00,BTCUSDT,27040.880164,3.054515
6c6c8bee-6f97-497e-a227-1941960488be,2026-02-10 06:23:39+00:00,BTCUSDT,27023.070879,1.555297
d0cd6966-cfd9-4841-9734-88425263cb5c,2026-02-10 06:23:45+00:00,BTCUSDT,27006.5258,1.689813
40e8f17b-e91b-4d66-84b0-b7ab04b32423,2026-02-10 06:24:12+00:00,BTCUSDT,26986.815424,0.88866
73ff29c4-b478-421a-bbcd-a5c54a63e773,2026-02-10 06:24:21+00:00,BTCUSDT,26999.476187,1.561548
eb660c57-47ae-4afc-8612-af2e07772d7d,2026-02-10 06:24:27+00:00,BTCUSDT,26980.237547,1.651221
a65c500c-e315-4c71-bfb4-d56549625567,2026-02-10 06:24:36+00:00,BTCUSDT,26992.882541,2.056721
4bacb16c-62b4-4431-aea3-b49a03790679,2026-02-10 06:24:48+00:00,BTCUSDT,27003.628838,2.360664
48dbe74a-e751-416a-a282-ab3abc89e4fb,2026-02-10 06:24:57+00:00,BTCUSDT,27005.117758,1.360145
cdc6c3e6-e71e-4df8-8ed5-22705f6d7e41,2026-02-10 06:25:21+00:00,BTCUSDT,27007.612982,2.704892
fa52cf92-a7d9-4e4b-9f83-a03964b96442,2026-02-10 06:25:30+00:00,BTCUSDT,27026.980169,0.497845
c16dce8a-7ad4-48e3-8c83-436a6c984846,2026-02-10 06:25:54+00:00,BTCUSDT,27028.596838,2.830302
b70c9200-840d-4288-9336-4cc33447ef47,2026-02-10 06:25:57+00:00,BTCUSDT,27045.750152,2.200755
171e8ffc-b558-4401-87ce-b30d85120b3a,2026-02-10 06:26:06+00:00,BTCUSDT,27049.681601,1.640912
70506d28-f85e-49b1-b520-e046ed5a9e99,2026-02-10 06:26:21+00:00,BTCUSDT,27059.87262,0.999558
5fbb94d7-c4f7-455c-b4e9-a489755dc621,2026-02-10 06:26:30+00:00,BTCUSDT,27041.410964,2.05892
86187e61-96f0-4fcb-93b5-b34bc258bd09,2026-02-10 06:27:18+00:00,BTCUSDT,27027.572893,2.834505
0ddd8e04-b443-4a1d-b2f8-4a22f3f0fc0e,2026-02-10 06:27:30+00:00,BTCUSDT,27017.400816,0.0
5156d1d3-c102-44b7-a590-aa4bf3c7dad4,2026-02-10 06:27:48+00:00,BTCUSDT,27038.796345,0.8169
23a56c35-3567-48a8-91d9-4e4d64ee3c1a,2026-02-10 06:27:54+00:00,BTCUSDT,27041.147532,4.020133
f207a098-a0b5-4106-8063-16e9d72622c6,2026-02-10 06:28:06+00:00,BTCUSDT,27062.703758,3.008345
cc6dbc51-4985-4964-9127-b8c1ebfa3465,2026-02-10 06:28:09+00:00,BTCUSDT,27082.843083,3.666789
efd6e8af-5c3b-4608-ae41-f87f246a66b1,2026-02-10 06:28:24+00:00,BTCUSDT,27095.481041,1.668709
258d67c4-271b-4d90-b8ea-87c16bf683d7,2026-02-10 06:28:36+00:00,BTCUSDT,27080.037965,1.230314
b5349a23-5486-401f-9f19-702a8cb9833f,2026-02-10 06:28:51+00:00,BTCUSDT,27063.022589,0.545148
370671d5-3e9e-49ae-aec2-5692a11131c9,2026-02-10 06:29:00+00:00,BTCUSDT,27053.012221,1.807102
f0081014-3cb9-42d7-aded-3f9975bd0ba5,2026-02-10 06:29:21+00:00,BTCUSDT,27072.394545,3.167118
32a1f585-bf3a-4237-a81e-58c964228a82,2026-02-10 06:30:00+00:00,BTCUSDT,27067.270307,0.684119
2542380c-7361-4810-a90c-4cbc9cb3c320,2026-02-10 06:30:03+00:00,BTCUSDT,27070.042454,0.187145
41e68ac8-6803-4e07-9f3d-94eb1cedeaa0,2026-02-10 06:30:27+00:00,BTCUSDT,27069.526924,1.664028
2820fbfe-0aff-4945-8644-4fdcc81896dd,2026-02-10 06:30:36+00:00,BTCUSDT,27078.545329,1.265782
d4f07e7c-d1fa-400c-8f20-fb53008018e0,2026-02-10 06:31:00+00:00,BTCUSDT,27062.699192,1.939091
454acd53-5a26-471b-b8d7-cb16ffe0dc46,2026-02-10 06:31:06+00:00,BTCUSDT,27067.057324,1.98617
518137e8-6d93-404d-9d9f-153578a3c1a1,2026-02-10 06:31:12+00:00,BTCUSDT,27066.154344,0.742161
34874dd2-7a2b-4481-b32c-8500a40c1d92,2026-02-10 06:31:15+00:00,BTCUSDT,27063.39719,2.219052
d83b164e-6421-47dc-883c-9bd4cfde8fa1,2026-02-10 06:31:27+00:00,BTCUSDT,27043.207187,1.747998
c655f334-10d6-43c4-9fad-6185af54f873,2026-02-10 06:31:36+00:00,BTCUSDT,27039.361376,2.252414
5b903046-ecdc-41ea-93eb-df269504e703,2026-02-10 06:31:39+00:00,BTCUSDT,27049.631208,2.319674
f6e4fe79-5197-4f9f-953f-3958e602724c,2026-02-10 06:31:54+00:00,BTCUSDT,27050.326728,1.561645
91617c68-76c8-41bd-968d-32aed12d4e7b,2026-02-10 06:32:12+00:00,BTCUSDT,27070.534118,2.943472
3267bc99-d0fe-4967-ba36-07d75256252e,2026-02-10 06:32:15+00:00,BTCUSDT,27060.743113,1.203654
45571d68-a2f5-4dbc-9b3b-986cf4201d86,2026-02-10 06:32:39+00:00,BTCUSDT,27079.837083,0.650169
cc9c0b7e-8d7d-42ec-ad59-65c75ac16588,2026-02-10 06:32:51+00:00,BTCUSDT,27083.554326,1.94265
50558c03-acfe-418e-ba72-9355cedb2cef,2026-02-10 06:32:54+00:00,BTCUSDT,27097.420762,2.744831
27df6293-3e40-4090-b12d-948626c86d06,2026-02-10 06:33:24+00:00,BTCUSDT,27101.252897,2.276258
1c7cac0f-5ffc-466d-af98-7c2edb86454f,2026-02-10 06:33:30+00:00,BTCUSDT,27108.107203,1.544485
a827e2a5-75f7-4d20-9a34-9c8ae2a11755,2026-02-10 06:33:42+00:00,BTCUSDT,27109.521694,2.036781
23ac6dd9-bc0e-498e-a9bf-8b6d94cce52e,2026-02-10 06:33:48+00:00,BTCUSDT,27103.621377,0.0
23eab1b0-0d10-4f38-8c30-f48773fe339d,2026-02-10 06:34:09+00:00,BTCUSDT,27098.319396,2.601106
8462c919-53d4-42bf-be17-20061b8922f4,2026-02-10 06:34:12+00:00,BTCUSDT,27081.352397,2.800025
05c9b0f6-e9b2-4b6d-9d21-57f3e5443645,2026-02-10 06:34:21+00:00,BTCUSDT,27064.439221,1.51822
5a1b341b-cb76-4d56-92e9-7177a282415a,2026-02-10 06:34:24+00:00,BTCUSDT,27080.509084,2.109191
f61480bc-ea80-43a3-8300-ac668a61451d,2026-02-10 06:34:39+00:00,BTCUSDT,27076.210051,0.504779
cb31e287-9709-4616-9b04-a274cfab36c7,2026-02-10 06:34:48+00:00,BTCUSDT,27084.17164,2.722827
573dd99e-9d32-458b-97da-72ed6efc2673,2026-02-10 06:34:57+00:00,BTCUSDT,27073.243651,2.879413
b7623d39-1b99-4eb7-bb95-7efb9b633e0e,2026-02-10 06:35:36+00:00,BTCUSDT,27090.574886,2.257499
74fa790a-addb-4ba0-b449-4d80e9163bfa,2026-02-10 06:35:45+00:00,BTCUSDT,27109.396944,2.201275
52652e88-56c5-450d-9301-3560658c6965,2026-02-10 06:36:00+00:00,BTCUSDT,27130.946309,2.149181
5412a90f-75af-4a7f-b3a6-840d87c05ca2,2026-02-10 06:36:27+00:00,BTCUSDT,27124.71474,2.590633
562a962a-26d6-4724-8bfd-65bd89ed8f8b,2026-02-10 06:36:30+00:00,BTCUSDT,27145.302187,2.251856
e624ce27-cb70-4b20-837d-153509527b39,2026-02-10 06:36:33+00:00,BTCUSDT,27149.911901,1.146354
243be812-5220-44ef-ad6f-41be93aaf229,2026-02-10 06:36:36+00:00,BTCUSDT,27147.471237,2.055836
62974d2b-662d-4829-86f3-9cdac3809df9,2026-02-10 06:36:54+00:00,BTCUSDT,27127.834355,1.449691
8534aca6-712a-434e-9e38-111bbb2a830b,2026-02-10 06:37:00+00:00,BTCUSDT,27134.275496,3.393954
ae97b63b-7da3-429d-8ba8-fd108a39ca77,2026-02-10 06:37:03+00:00,BTCUSDT,27139.853839,1.534155
88a3dce8-9e5e-43c7-bc28-582a8e4cddc6,2026-02-10 06:37:09+00:00,BTCUSDT,27144.566507,0.661951
c0d8bb50-3c9e-4b0d-b154-b9adf77fcd22,2026-02-10 06:37:36+00:00,BTCUSDT,27152.186991,0.0
206bc887-8684-4f2d-9e32-725ddd9659ac,2026-02-10 06:37:39+00:00,BTCUSDT,27161.601522,2.853009
11aac5aa-5560-4f69-ba4e-d54570f0b74b,2026-02-10 06:37:45+00:00,BTCUSDT,27165.175858,1.22665
e5442495-673d-4798-8431-9f0d752463e3,2026-02-10 06:38:00+00:00,BTCUSDT,27151.567186,1.054377
9c1a0277-95c0-47ae-a755-10e99c42fee6,2026-02-10 06:38:12+00:00,BTCUSDT,27156.524882,3.076174
d1980bb9-3b2c-40a8-bbfc-da892101e348,2026-02-10 06:38:42+00:00,BTCUSDT,27162.251627,2.801019
30628208-c22e-4e61-a1e2-1760f867b13c,2026-02-10 06:38:45+00:00,BTCUSDT,27179.700437,2.642736
5775e4e3-f799-4f73-8fac-f35223f8def8,2026-02-10 06:38:51+00:00,BTCUSDT,27192.163408,2.185816
48150ec7-032f-4830-a765-501cd7504920,2026-02-10 06:38:57+00:00,BTCUSDT,27201.851949,3.015487
ec5b2021-f8f9-453a-be43-9dd85ff8e27d,2026-02-10 06:39:00+00:00,BTCUSDT,27211.713217,1.712769
66d8c239-96c9-4450-bb7a-6a450c1f2461,2026-02-10 06:39:03+00:00,BTCUSDT,27226.801027,2.211235
2bb973d0-8558-424e-a09e-230b98d7b1ad,2026-02-10 06:39:21+00:00,BTCUSDT,27219.40601,3.28029
d31ec500-ad14-44c1-ab61-6291ec8a0c60,2026-02-10 06:39:27+00:00,BTCUSDT,27235.595855,2.553677
4e547bca-e27d-4e29-a59e-f0d8a5147449,2026-02-10 06:39:39+00:00,BTCUSDT,27227.438847,1.809165
0cca4e6e-de70-4a45-a58e-4e7d04610b3c,2026-02-10 06:39:54+00:00,BTCUSDT,27211.350292,0.543012
912ecf6c-11c8-46bd-8d2d-128203703e9a,2026-02-10 06:40:12+00:00,BTCUSDT,27221.526655,3.677387
0add2796-19a6-4235-b2cb-150047484a94,2026-02-10 06:40:33+00:00,BTCUSDT,27242.219983,2.074677
2748abb2-165d-43a3-ae1f-53ecf8d0a2bf,2026-02-10 06:40:36+00:00,BTCUSDT,27262.333313,0.999325
9336dfd5-124a-4d67-9d18-c03368c7ea91,2026-02-10 06:40:45+00:00,BTCUSDT,27271.729865,1.45167
7810f853-7de3-436a-af48-4c3eae4a11d5,2026-02-10 06:40:51+00:00,BTCUSDT,27258.220237,1.787457
0ce956fb-ebac-4c61-b969-144b960cf58c,2026-02-10 06:41:03+00:00,BTCUSDT,27267.349679,4.032183
ef45b630-7e5f-434f-987d-dd7fbd9b77ad,2026-02-10 06:41:15+00:00,BTCUSDT,27262.854184,1.168915
1fee896d-ae17-4486-9d51-efb368619a05,2026-02-10 06:41:27+00:00,BTCUSDT,27277.39052,2.365639
a28efd6b-dd8b-4b45-b783-c4c3dbb49a88,2026-02-10 06:41:48+00:00,BTCUSDT,27286.39606,2.145415
ce4ee84b-28db-441b-9750-0eceb8a63a47,2026-02-10 06:42:06+00:00,BTCUSDT,27294.906467,1.880452
28d1f17d-1150-4cba-8c73-3739823f27ca,2026-02-10 06:42:21+00:00,BTCUSDT,27281.505658,2.144942
adebea32-94b5-40d5-a94d-b136b756cfda,2026-02-10 06:42:33+00:00,BTCUSDT,27279.998913,2.318918
807a6aec-c07b-438b-81e4-9830778e2b75,2026-02-10 06:43:06+00:00,BTCUSDT,27261.259984,1.975199
8c901bd2-4d6f-48ca-ab94-5be92525dabb,2026-02-10 06:43:12+00:00,BTCUSDT,27244.650292,2.390739
b2afa2d3-f461-438c-bb8a-56dc3490dda4,2026-02-10 06:43:27+00:00,BTCUSDT,27223.460527,1.484316
10bbe395-2e6d-4294-bbef-7da66d5b7f4c,2026-02-10 06:43:36+00:00,BTCUSDT,27237.642197,3.407807
5718a6f7-ad4e-498d-868f-20e313260ac9,2026-02-10 06:43:51+00:00,BTCUSDT,27224.984485,1.555407
f990e290-974b-4e93-b2fa-2bf7ccf14e8d,2026-02-10 06:43:57+00:00,BTCUSDT,27228.877603,0.340184
2efdd9dd-b7dc-48dc-babb-79afc789df36,2026-02-10 06:44:06+00:00,BTCUSDT,27207.808902,1.986317
b78b8dac-1d8c-4886-9a84-11c281dea762,2026-02-10 06:44:24+00:00,BTCUSDT,27209.292877,2.282213
7e8b0b55-41ba-4748-bbce-1c3882a69c0c,2026-02-10 06:44:27+00:00,BTCUSDT,27213.896214,2.269387
8f81f8ce-dddd-4411-9034-331c9aa51d22,2026-02-10 06:44:30+00:00,BTCUSDT,27194.514855,3.408981
52923050-99bf-47ba-a9ba-ef4d96e29569,2026-02-10 06:44:45+00:00,BTCUSDT,27185.700462,2.603793
4c9b97fb-2b65-4170-90f4-a3ac596cb31b,2026-02-10 06:44:48+00:00,BTCUSDT,27195.132745,2.803825
96f66b04-ae5a-4bc0-87c7-f4019ba1f791,2026-02-10 06:45:00+00:00,BTCUSDT,27207.546124,1.204909
0416acba-c192-4529-b4ad-0c4f937dc0da,2026-02-10 06:45:03+00:00,BTCUSDT,27226.545099,3.967659
085e210e-ad15-4041-9a8d-bc47dd0bbed3,2026-02-10 06:45:09+00:00,BTCUSDT,27220.857384,1.489486
c9d28602-f17f-4993-8233-719f6c2160ff,2026-02-10 06:45:18+00:00,BTCUSDT,27234.748914,2.280759
f3f92f28-859b-4708-99b1-e92525f3001a,2026-02-10 06:45:27+00:00,BTCUSDT,27218.702365,3.342327
16814b05-a098-443e-9cf8-3c11fffad18b,2026-02-10 06:45:30+00:00,BTCUSDT,27232.938681,2.654613
afb3dfd5-9d56-4ee6-bf39-6d28db76da51,2026-02-10 06:46:00+00:00,BTCUSDT,27225.798335,2.074635
a9810cc6-3e17-4ed3-8641-a6cc98aa0c87,2026-02-10 06:46:30+00:00,BTCUSDT,27242.794982,0.41588
28210a43-9cc8-4f23-b9d0-0b219ac15197,2026-02-10 06:46:33+00:00,BTCUSDT,27263.95338,2.796243
65c28b89-971a-4985-abf2-e2284228243d,2026-02-10 06:46:45+00:00,BTCUSDT,27267.655989,1.336701
c9137fda-40f5-49db-8e2c-d4486aec199f,2026-02-10 06:46:48+00:00,BTCUSDT,27279.697705,0.951025
ef552ccc-d576-4867-874e-0044654a30ef,2026-02-10 06:46:51+00:00,BTCUSDT,27283.820168,1.269874
259f4824-b4aa-4f94-b902-22a1c5b0e0d9,2026-02-10 06:47:06+00:00,BTCUSDT,27282.082047,2.666391
0308db18-3fdd-469a-bf3d-06e89ba148a6,2026-02-10 06:47:15+00:00,BTCUSDT,27270.06634,1.443864
1db568ae-3670-4e8a-8c1a-a9b295927a7e,2026-02-10 06:47:21+00:00,BTCUSDT,272715.59603,1.667603
a956f91a-16f2-4fb1-8f07-86f948afd6bb,2026-02-10 06:47:30+00:00,BTCUSDT,27266.361539,3.165111
6a2cb8b0-ab8a-4767-b925-fbc8b6d93ab2,2026-02-10 06:47:42+00:00,BTCUSDT,27256.582202,2.033378
f7db48eb-b6be-4ae0-87f6-782eb9d2e96c,2026-02-10 06:47:45+00:00,BTCUSDT,27261.822957,2.416832
f617f82c-455b-42a3-a7fc-3d2b420fd191,2026-02-10 06:47:54+00:00,BTCUSDT,27256.834984,1.940882
0ff884cc-1f2d-4b7d-a64e-43d246b59a24,2026-02-10 06:47:57+00:00,BTCUSDT,27236.279367,2.508868
db502983-7c22-4042-8217-466f2c33794c,2026-02-10 06:48:00+00:00,BTCUSDT,27226.964749,0.0
a8ec1ead-2ef7-4fc8-aee6-908f16f42b82,2026-02-10 06:48:21+00:00,BTCUSDT,27235.894325,0.970707
ecd83e81-49e4-4a49-98e5-70481b8729cd,2026-02-10 06:48:24+00:00,BTCUSDT,27220.801417,3.72662
80fdfa23-ef60-4008-9477-9a2268043ce6,2026-02-10 06:48:51+00:00,BTCUSDT,27235.12199,2.698276
a6c84698-a9ca-4157-b4e0-452b8efce6b0,2026-02-10 06:48:54+00:00,BTCUSDT,27249.068432,0.764341
cd8177b7-f4cd-4835-a52c-14069c41fdb1,2026-02-10 06:49:09+00:00,BTCUSDT,27240.975121,3.314287
8290de88-0d00-4f2d-997f-87a3456e9270,2026-02-10 06:49:30+00:00,BTCUSDT,27244.713969,1.504999
a9c971b7-d31b-442e-9cff-35ece1ddb014,2026-02-10 06:49:33+00:00,BTCUSDT,27230.548638,2.798674
afae32ff-0941-4d4c-83bd-2ed049786d78,2026-02-10 06:50:06+00:00,BTCUSDT,27249.072276,2.999504
d71427c0-aa84-4c03-922b-5532db05f242,2026-02-10 06:50:21+00:00,BTCUSDT,27240.614937,2.341545
78d8b1db-5abf-4a00-a023-eb2203d189c7,2026-02-10 06:50:30+00:00,BTCUSDT,27245.407844,1.97596
b69ca824-a894-4f61-aa8a-974d61a44d43,2026-02-10 06:50:39+00:00,BTCUSDT,27253.47512,2.385828
66d30aef-3bd9-4697-8d02-7f71696aa623,2026-02-10 06:50:57+00:00,BTCUSDT,27239.106484,2.277887
3653858f-4dfe-4cec-9b4d-4fb40916b900,2026-02-10 06:51:54+00:00,BTCUSDT,27243.670756,2.453835
3a876000-150c-43d7-87d6-b1f9b46b036e,2026-02-10 06:51:57+00:00,BTCUSDT,27260.361161,2.180881
c877f4a7-f3de-480f-afb1-513edb08727b,2026-02-10 06:52:15+00:00,BTCUSDT,27252.802669,2.53617
9ae3630b-c4ca-4eba-a828-bb70181e4650,2026-02-10 06:53:18+00:00,BTCUSDT,27247.218496,0.551508
2b9cd85a-140d-4429-96c9-b3726e70afca,2026-02-10 06:53:42+00:00,BTCUSDT,27259.363398,2.9431
5b3bdb8b-1439-4540-8184-d01946601813,2026-02-10 06:53:48+00:00,BTCUSDT,27266.696955,3.373969
178a0511-d0d6-4666-a627-e7207a06cbb2,2026-02-10 06:53:54+00:00,BTCUSDT,27279.853235,2.8668
f80999e3-75a8-44db-967a-9575aef70a4d,2026-02-10 06:53:57+00:00,BTCUSDT,27275.38161,3.305496
56677c9c-77cd-4a32-9d29-a59a582ed297,2026-02-10 06:54:06+00:00,BTCUSDT,27279.006523,2.745915
72abdf8e-6011-4abf-9059-84dc3da0efe7,2026-02-10 06:54:18+00:00,BTCUSDT,27292.532136,1.179228
c210fbde-daae-4216-a0ee-4988196b175c,2026-02-10 06:54:27+00:00,BTCUSDT,27273.5468,0.806094
c360e0ff-e1fb-4c09-a3cc-762a56f5d900,2026-02-10 06:54:30+00:00,BTCUSDT,27276.55284,1.953522
d4158c44-d635-4e6c-9250-bcdb80dcbd83,2026-02-10 06:54:39+00:00,BTCUSDT,27257.637174,1.145913
39a8f208-3e58-4e2d-9d49-476b6ea24084,2026-02-10 06:55:09+00:00,BTCUSDT,27247.431462,2.343653
83c4942b-7fd9-4b0b-80df-f27a1ad91743,2026-02-10 06:55:18+00:00,BTCUSDT,27233.331263,1.486841
5c614475-e3eb-484d-b33b-047ef3235f7d,2026-02-10 06:55:45+00:00,BTCUSDT,27252.219731,1.271028
57d3c4ad-c1e0-4a00-840c-79f1efb4928c,2026-02-10 06:56:09+00:00,BTCUSDT,27261.981966,0.904809
98b182d3-8bb5-4508-a07b-331959ca36d6,2026-02-10 06:56:24+00:00,BTCUSDT,27256.128826,2.398304
b76f396e-1f5c-43d4-a0ad-3a12407a3a68,2026-02-10 06:56:51+00:00,BTCUSDT,27253.028946,3.608817
79952aed-8aa9-4872-8932-5cd7001c2179,2026-02-10 06:57:09+00:00,BTCUSDT,27258.397182,0.864807
c40c51c1-5464-4690-afdc-90ca0182aaeb,2026-02-10 06:57:27+00:00,BTCUSDT,27272.583063,3.085908
bf7b4339-5ac9-4ecb-b7cc-8ca665e0e8b1,2026-02-10 06:57:30+00:00,BTCUSDT,27293.926098,3.986217
3fd79fe9-cb45-4f3e-9224-ce52792078b9,2026-02-10 06:57:39+00:00,BTCUSDT,27307.931718,1.579617
3c0367a0-1ca7-48fe-9656-279f9a6e8507,2026-02-10 06:57:42+00:00,BTCUSDT,27298.881578,2.208855
091246ac-f0e3-41ce-8689-e512efd1c9c2,2026-02-10 06:57:48+00:00,BTCUSDT,27295.692221,1.555037
4685665a-2860-45b4-8c95-78befe70fcb0,2026-02-10 06:57:54+00:00,BTCUSDT,27287.252342,1.565311
10b6ef56-acc8-4cf1-9cb6-f90583091467,2026-02-10 06:58:03+00:00,BTCUSDT,27271.115745,2.152066
a0e22e25-7ad1-456d-b34f-e6408ac5ce88,2026-02-10 06:58:24+00:00,BTCUSDT,27288.521276,1.966943
5a812ed1-0a9a-4702-aaad-0be3d77cca04,2026-02-10 06:58:33+00:00,BTCUSDT,27280.67925,0.445821
c9effa7b-bd22-4857-a5c3-69099257c9df,2026-02-10 06:58:36+00:00,BTCUSDT,27273.400308,1.780315
715512ae-c0a6-487e-a997-182925fbc657,2026-02-10 06:58:42+00:00,BTCUSDT,27261.900004,3.742723
2b53eaa0-c52c-4190-9756-e8fe86cbbae1,2026-02-10 06:58:48+00:00,BTCUSDT,27277.90404,3.479514
6b4071b1-a304-4c2c-9b72-3a7c9f699cfe,2026-02-10 06:58:51+00:00,BTCUSDT,27271.808837,0.0
04a0d4df-64f7-4d2a-92fb-73e1106b6351,2026-02-10 06:59:09+00:00,BTCUSDT,27265.576516,0.545429
feef021f-e645-4d25-ae37-e87b0ec89796,2026-02-10 06:59:21+00:00,BTCUSDT,27256.192606,3.236185
9ac42813-cbde-472d-96ba-d93232ba0daf,2026-02-10 06:59:24+00:00,BTCUSDT,27236.177549,1.778689
e4b82cff-ae9f-4eb2-bbdd-9d6b92eb7bd9,2026-02-10 06:59:36+00:00,BTCUSDT,27257.400595,2.490895
c900c787-442f-403a-8b55-eddfd9d71476,2026-02-10 06:59:42+00:00,BTCUSDT,27265.132632,4.745477
bdaa89f5-42fd-43d5-8925-df93a47503db,2026-02-10 06:59:57+00:00,BTCUSDT,27261.13899,1.004075
262b4c51-aad6-4748-9fe4-cdced07ba6d1,2026-02-10 07:00:00+00:00,BTCUSDT,19683.420294,1.408231
f9f653c3-535c-4ce4-8338-823f08b0afc9,2026-02-10 07:00:06+00:00,BTCUSDT,19674.050444,2.278898
372b4fda-11ed-4e9e-a952-86ffe815924f,2026-02-10 07:00:27+00:00,BTCUSDT,19667.930458,3.432106
b2dfbcb8-cdb2-448d-b044-8cbfa99fdafe,2026-02-10 07:00:30+00:00,BTCUSDT,19672.004621,2.422169
30149b42-e6f4-46d6-a690-43870af822d1,2026-02-10 07:00:36+00:00,BTCUSDT,19684.76731,4.29177
826b0820-cf00-4bf6-be5c-36ab097745a8,2026-02-10 07:00:39+00:00,BTCUSDT,19686.65453,1.028841
8ab078af-1ba8-41b1-b8a1-17bae2e134c9,2026-02-10 07:00:42+00:00,BTCUSDT,19677.604075,3.449565
6ad3e8e4-4f6b-4daa-adc7-deb9cbca3f0c,2026-02-10 07:00:54+00:00,BTCUSDT,19684.133356,2.349374
f5f7d5cb-c268-4860-b40e-7c5fbb7c13ba,2026-02-10 07:00:57+00:00,BTCUSDT,19684.411818,1.854729
3a0b340f-8b1b-4297-9eda-23cfd2ea5a51,2026-02-10 07:01:03+00:00,BTCUSDT,19697.090127,1.5241
e5a8d8b4-0d3f-481b-a58c-ff978496621a,2026-02-10 07:01:06+00:00,BTCUSDT,19694.15764,3.046773
57bff836-c0d2-43de-a3c8-cde807c3af88,2026-02-10 07:01:09+00:00,BTCUSDT,19694.557348,2.860455
868c4958-747d-4e23-8e13-4abe9047714b,2026-02-10 07:01:21+00:00,BTCUSDT,19687.23846,2.224399
927fc0e2-a96a-4ac5-99c0-f5451bef94c5,2026-02-10 07:01:36+00:00,BTCUSDT,19673.438599,2.803962
b384a42e-97ff-4b3b-bbe3-e99386406773,2026-02-10 07:01:51+00:00,BTCUSDT,19671.763349,2.10103
cc9e452b-6727-4749-97b0-aa2b4c2dbfc5,2026-02-10 07:01:57+00:00,BTCUSDT,19680.111077,2.148419
c27de22c-1798-4a00-b079-3f0d075d5e68,2026-02-10 07:02:00+00:00,BTCUSDT,19679.215886,2.307225
e356baa8-b80e-4a81-be1f-8248359e7620,2026-02-10 07:02:03+00:00,BTCUSDT,19693.967748,3.180766
0c0daaf3-beb8-4dfd-bf81-f51761cb3223,2026-02-10 07:02:24+00:00,BTCUSDT,19682.713335,1.47236
7eed7393-bc0d-4ff6-80b2-e00d9cc78780,2026-02-10 07:02:33+00:00,BTCUSDT,19684.964633,0.863232
9b1cfe8b-81bc-42a6-a9ee-6d660ac2bbad,2026-02-10 07:02:45+00:00,BTCUSDT,19671.851014,1.636113
dd939be8-0981-4895-8817-658c5082adea,2026-02-10 07:03:33+00:00,BTCUSDT,19660.179685,2.403114
66992e81-c283-463d-82ed-f87d43160b9c,2026-02-10 07:03:45+00:00,BTCUSDT,19665.384601,2.55022
a489e6a8-7184-44e3-bb25-f7c80e0cce7e,2026-02-10 07:03:51+00:00,BTCUSDT,19671.037706,0.505126
517e7b90-2ec4-43d5-ab76-64bfede72371,2026-02-10 07:03:54+00:00,BTCUSDT,19671.898421,0.0
57ae4456-8a76-4534-b63c-30298e7f027d,2026-02-10 07:04:18+00:00,BTCUSDT,19681.936492,2.528269
5ab0f3e6-387d-4ee7-a465-2a9c2944e562,2026-02-10 07:04:21+00:00,BTCUSDT,19691.819784,2.560738
befefaff-7114-4053-9029-43b89c5ee4b2,2026-02-10 07:04:24+00:00,BTCUSDT,19698.189738,1.476256
bc199da4-0102-4e39-b087-2edb1b0c7708,2026-02-10 07:04:27+00:00,BTCUSDT,19708.889397,1.11009
19cfb527-dc01-483e-8626-27c9e42698fa,2026-02-10 07:04:36+00:00,BTCUSDT,19705.871801,4.03069
1be4a73f-4fb2-4ace-8a61-5b479099a287,2026-02-10 07:04:54+00:00,BTCUSDT,19691.047922,3.653049
64e9dcd7-7c46-485f-b0f7-c35ce6a836a3,2026-02-10 07:05:09+00:00,BTCUSDT,19696.469748,1.534283
dbced689-96f0-41d0-aa54-ea134ed81df4,2026-02-10 07:05:48+00:00,BTCUSDT,19690.176361,1.112049
c58de689-38ea-4955-9646-dea911f05a8c,2026-02-10 07:06:00+00:00,BTCUSDT,19680.01878,1.576752
51c9fd77-bf67-49d1-a1ef-73d1ff1d22f3,2026-02-10 07:06:06+00:00,BTCUSDT,19684.126721,0.0
2bf9e836-e1b8-4896-aba6-2211f8468caa,2026-02-10 07:06:12+00:00,BTCUSDT,19669.374299,3.197664
253102e7-8bd9-4d79-b6a4-c55a598b27ba,2026-02-10 07:06:18+00:00,BTCUSDT,19662.321351,3.070092
f85321fb-d99b-46f5-a6b6-e9868b1e5ec1,2026-02-10 07:06:21+00:00,BTCUSDT,19648.832526,2.576629
9b81753d-a79b-4d85-a73d-20265ddc5746,2026-02-10 07:06:27+00:00,BTCUSDT,19642.087635,2.568864
29e74a62-bec0-463b-817e-c58e8936cbf9,2026-02-10 07:06:30+00:00,BTCUSDT,19628.195171,0.0
c512463d-9fe2-493c-b14d-d6213f402328,2026-02-10 07:06:33+00:00,BTCUSDT,19625.71523,2.39135
fdc8bc8d-b2d4-4aa4-b969-9b79029279bf,2026-02-10 07:06:57+00:00,BTCUSDT,19641.068547,1.976576
95c5e83c-1dbb-4294-b187-a706912b459c,2026-02-10 07:07:00+00:00,BTCUSDT,19644.251746,2.292073
f5185543-f934-4d2f-b1cc-8fe0a76ce35b,2026-02-10 07:07:03+00:00,BTCUSDT,19633.739434,2.808991
0c4b1622-e40a-4873-99d7-3d8775f15eb0,2026-02-10 07:07:21+00:00,BTCUSDT,19645.366329,1.749196
d7d90a73-d03c-4289-bd5e-bb4df2b17290,2026-02-10 07:07:51+00:00,BTCUSDT,19641.766214,0.764181
9659ff9a-f025-44c0-9f58-ca5ddec86427,2026-02-10 07:08:15+00:00,BTCUSDT,19634.9736,2.422925
77a06217-4424-46ec-a963-fb4e52f32bc4,2026-02-10 07:08:24+00:00,BTCUSDT,19637.237473,3.133675
38a1e9a7-5663-404a-a0e2-db9be88cb746,2026-02-10 07:08:27+00:00,BTCUSDT,19644.464765,1.989942
746afe21-2d93-485e-8f2d-bf8b99c116a3,2026-02-10 07:08:33+00:00,BTCUSDT,19639.154302,0.0
c3e32a44-94c9-4338-80ee-92933ace3019,2026-02-10 07:09:06+00:00,BTCUSDT,19641.760694,2.275119
ef53768e-1dcd-4c51-aac3-e83fc036db59,2026-02-10 07:09:15+00:00,BTCUSDT,19638.024519,1.890915
b2afe1eb-feca-49cc-ad84-332b2842e7c7,2026-02-10 07:09:27+00:00,BTCUSDT,19633.927851,2.2312
46bae45b-3cd3-4e07-b0cb-8e404dd4c27c,2026-02-10 07:09:51+00:00,BTCUSDT,19623.899488,3.249192
3755d88c-9da4-482a-8c1d-afe88c2897c0,2026-02-10 07:09:54+00:00,BTCUSDT,19629.477246,0.978077
df37037c-96b2-4124-88f5-f61dc64822b9,2026-02-10 07:10:06+00:00,BTCUSDT,19622.212012,0.306734
49cfaf4a-a674-41a0-86d0-9e7b22a567e5,2026-02-10 07:10:15+00:00,BTCUSDT,19633.580152,3.449886
8cd3cd8d-7989-45b3-8bdb-7dfba4df3c03,2026-02-10 07:10:21+00:00,BTCUSDT,19636.202707,2.966035
61b59cda-9936-4b42-a8f2-7c2386c06cf1,2026-02-10 07:10:45+00:00,BTCUSDT,19640.260555,1.259255
1a814dc4-a73a-49a0-8461-d6e55f4854ee,2026-02-10 07:10:48+00:00,BTCUSDT,19642.178493,2.081144
ad50762e-0fd9-4ca7-a664-9d99121be9fd,2026-02-10 07:10:51+00:00,BTCUSDT,19647.124979,2.381955
60c7aea2-c58f-4445-929b-206bd0c1c6eb,2026-02-10 07:11:06+00:00,BTCUSDT,19645.323099,2.820146
02ac25ef-2252-4064-8970-3a60223dcd73,2026-02-10 07:11:24+00:00,BTCUSDT,19632.10869,1.103724
99ad8e71-2e88-453e-9c8b-40ae50b9b42a,2026-02-10 07:11:27+00:00,BTCUSDT,19637.729652,0.90091
9b0a440a-fad8-4fa4-afed-d86c3405b4fe,2026-02-10 07:11:42+00:00,BTCUSDT,19649.079446,1.240133
6cf0b0be-448d-4ba7-9f4c-2272c048de1d,2026-02-10 07:11:48+00:00,BTCUSDT,19647.933711,2.259661
e871da65-b7d5-48a4-b7e6-ff370057d172,2026-02-10 07:11:54+00:00,BTCUSDT,19650.401304,2.540375
0fcfee4c-1fe3-4e09-a89f-3bad4732eb1b,2026-02-10 07:11:57+00:00,BTCUSDT,19664.871857,1.886417
a6f92a9b-90cd-4642-9ed8-a527e6359f94,2026-02-10 07:12:03+00:00,BTCUSDT,19653.105349,1.01097
2749f076-91ea-4671-988e-61a61b1b86cf,2026-02-10 07:12:09+00:00,BTCUSDT,19666.568447,2.242219
f676ab10-5495-47e2-946e-c6ce5f790265,2026-02-10 07:12:12+00:00,BTCUSDT,19668.075905,0.0
93a0e74b-f147-40a9-bed8-69386425258c,2026-02-10 07:12:51+00:00,BTCUSDT,19683.36771,2.142624
d70e412c-936e-459c-998b-ae7eb9ee716c,2026-02-10 07:12:54+00:00,BTCUSDT,19684.543405,3.242916
0121ad90-2acd-40fd-b4df-96d184b39fb5,2026-02-10 07:12:57+00:00,BTCUSDT,19690.264458,3.105474
3c2f1ff2-c239-476d-ba6f-90c9518e486e,2026-02-10 07:13:00+00:00,BTCUSDT,19705.665349,2.271382
2c4365c1-47c4-4ca1-9a7f-b9d2b09f58e3,2026-02-10 07:13:12+00:00,BTCUSDT,19708.323807,1.74424
b139c8b2-e79d-488b-b137-e1984b9ec34a,2026-02-10 07:13:24+00:00,BTCUSDT,19717.992935,2.61762
694fb086-b96e-49ca-bfa0-3c8a3f720e53,2026-02-10 07:13:27+00:00,BTCUSDT,19711.430964,0.52215
d95afaad-b031-414f-bbd0-2d840a912d78,2026-02-10 07:13:36+00:00,BTCUSDT,19721.801816,2.515087
04a7d0ba-19fc-48aa-a238-51656592c3c1,2026-02-10 07:13:42+00:00,BTCUSDT,19716.726381,0.0
22105be7-3c6b-4ea5-92c7-87bccbdb2b12,2026-02-10 07:13:45+00:00,BTCUSDT,19702.365735,3.607402
f1fd41a4-d62f-4e68-86b4-8088a57e77bf,2026-02-10 07:13:48+00:00,BTCUSDT,19708.475553,1.138599
2c6c8c5e-045e-488a-a950-4b74871b49a5,2026-02-10 07:13:54+00:00,BTCUSDT,19722.412739,2.889924
3ca5b6f7-6251-417e-83d8-67be375b3417,2026-02-10 07:14:15+00:00,BTCUSDT,19724.975738,2.407028
19849bce-ba30-41d0-a09e-92614e6b619a,2026-02-10 07:14:36+00:00,BTCUSDT,19716.880887,2.665478
d5d5df80-8747-48de-b7a3-77f1fb2a7655,2026-02-10 07:14:45+00:00,BTCUSDT,19721.818366,4.251452
d1b4df10-afbf-4afc-9e83-1ec2850b8584,2026-02-10 07:15:00+00:00,BTCUSDT,19736.714269,3.544106
d9fcd668-9f4a-4c12-a922-0940a8ddcb23,2026-02-10 07:15:09+00:00,BTCUSDT,19726.502358,1.74116
f5ab53e4-3f0d-4851-8b9d-d74cd1326305,2026-02-10 07:15:12+00:00,BTCUSDT,19712.886369,3.137069
96381575-0bba-4ea8-9b3c-ed7cf78ab19c,2026-02-10 07:15:24+00:00,BTCUSDT,19700.557178,1.155443
cb18e8c2-e35f-498b-a0a8-175de5dc08e1,2026-02-10 07:15:30+00:00,BTCUSDT,19711.35264,0.964959
ca6613ab-9453-48de-aea4-c056a1467da3,2026-02-10 07:15:45+00:00,BTCUSDT,19716.648244,0.709153
17755d17-7785-44bb-9ef7-9eb523c04843,2026-02-10 07:15:57+00:00,BTCUSDT,19710.969606,1.477292
ef85e426-675c-4b00-807b-4c2389819328,2026-02-10 07:16:03+00:00,BTCUSDT,19723.072171,3.174031
64c43575-c038-46f5-aa58-4d93050110cd,2026-02-10 07:16:15+00:00,BTCUSDT,19738.458348,2.815878
4eace09f-0e45-45f2-a0ba-8fbfaf10bc9b,2026-02-10 07:16:48+00:00,BTCUSDT,19725.863272,0.812723
d55286c6-e122-4d48-bc9e-3a386145c178,2026-02-10 07:17:06+00:00,BTCUSDT,19729.829671,2.476084
e3ebd984-e37c-4da4-857b-f3f0b0b9ddba,2026-02-10 07:17:18+00:00,BTCUSDT,19727.863464,3.733324
8f5f631f-56cf-4307-b439-d21dabc387a7,2026-02-10 07:17:24+00:00,BTCUSDT,19734.482748,2.974688
fc6d9226-287e-4e39-8a3b-4e9f06d53654,2026-02-10 07:17:36+00:00,BTCUSDT,19750.012764,1.741854
cbe4565f-207c-462b-b962-9e35fc4d29fa,2026-02-10 07:18:00+00:00,BTCUSDT,19738.712019,0.189399
4b86a010-566d-4c80-81bf-d3ea6abee123,2026-02-10 07:18:03+00:00,BTCUSDT,19742.77637,1.927228
a248c909-4988-43d0-a2fa-5989a678859c,2026-02-10 07:18:12+00:00,BTCUSDT,19737.885623,2.393197
bba75518-90fe-4778-847e-66f1806a58e5,2026-02-10 07:18:21+00:00,BTCUSDT,19723.742044,2.117633
1760e9fd-61d8-405f-890d-b79125c61751,2026-02-10 07:18:33+00:00,BTCUSDT,19736.160773,3.253606
c86322c0-60f8-4f2d-8402-ebcf8a7cb8ea,2026-02-10 07:18:39+00:00,BTCUSDT,19740.732458,1.479442
4e2a9a26-fdaa-4e2f-af6b-4ca75e731afd,2026-02-10 07:18:51+00:00,BTCUSDT,19750.636121,2.575477
a106eb0e-9d9c-4b1e-a299-06af4504408b,2026-02-10 07:19:00+00:00,BTCUSDT,19737.917926,3.296389
3d260afd-a29e-412b-b510-9c2d5c1f522c,2026-02-10 07:19:03+00:00,BTCUSDT,19753.083923,2.947598
53729b7c-33a8-4217-8303-e68bbb3c10eb,2026-02-10 07:19:06+00:00,BTCUSDT,19755.503897,0.0
e57314af-e43e-40e7-a003-091123b82863,2026-02-10 07:19:18+00:00,BTCUSDT,19761.646466,1.965648
4cbb88da-e6e1-405a-ad35-af85e28a4274,2026-02-10 07:19:27+00:00,BTCUSDT,19756.348132,2.236448
b17d44d6-5df6-492f-8c78-9fd0aac5aed8,2026-02-10 07:19:42+00:00,BTCUSDT,19766.540874,1.53546
2657a221-8efb-4057-9c9d-da1dd1e86ae0,2026-02-10 07:19:45+00:00,BTCUSDT,19776.376026,1.191314
946907c1-3cd7-4a19-b9e5-d3f3d5d2f85f,2026-02-10 07:19:48+00:00,BTCUSDT,19775.104228,2.920172
8f6921a4-35d0-4096-b479-712f6f598557,2026-02-10 07:20:06+00:00,BTCUSDT,19783.356396,1.641855
5baca7eb-1c9b-4afb-9373-0b012ddd55cf,2026-02-10 07:20:12+00:00,BTCUSDT,19794.063097,0.126051
750df394-c0cf-48d8-99b2-7209db17b6eb,2026-02-10 07:20:24+00:00,BTCUSDT,19784.245272,1.781283
50cbdf1a-569d-4ba3-87b8-9c38a1feb08d,2026-02-10 07:21:00+00:00,BTCUSDT,19797.507322,1.351882
0aa3bf67-8c48-4feb-942e-68ebe024b4a3,2026-02-10 07:21:06+00:00,BTCUSDT,19810.424217,1.337221
433449a4-e4a0-49f4-aa5e-46eb51caadc7,2026-02-10 07:21:09+00:00,BTCUSDT,19803.004475,3.290327
57223f70-6fec-472a-be39-b2b7c9fb49cd,2026-02-10 07:21:30+00:00,BTCUSDT,19795.094008,2.988151
ee17739d-fc8e-4838-bb7b-b7120758739a,2026-02-10 07:21:36+00:00,BTCUSDT,19803.462551,1.88898
577b4f55-7596-46a4-84eb-f1e65481216b,2026-02-10 07:21:45+00:00,BTCUSDT,19809.874366,0.472885
0f202edb-af0a-4a95-a6f4-74c06f463268,2026-02-10 07:21:48+00:00,BTCUSDT,19810.735685,1.481236
ca4c9f11-fab9-4f8f-a5da-6e071913812b,2026-02-10 07:21:54+00:00,BTCUSDT,19813.228966,2.692378
ea69e51e-8e74-4ca9-a54b-7afdb119824c,2026-02-10 07:22:00+00:00,BTCUSDT,19825.620785,0.931327
48ceae37-048e-4800-9906-cd7823609c05,2026-02-10 07:22:03+00:00,BTCUSDT,19814.440741,3.14498
40f03a09-b5b7-458d-ac85-70b4ebe10e0a,2026-02-10 07:22:09+00:00,BTCUSDT,19798.680432,2.101396
8a2246a4-ad2d-4b0c-9c9c-265b8acddd23,2026-02-10 07:22:39+00:00,BTCUSDT,19794.109793,2.440786
9bab4fdd-ba5d-46ac-a8eb-e23fd238492a,2026-02-10 07:22:45+00:00,BTCUSDT,19790.964352,3.922453
75fa3dbb-8292-43cb-83f6-e2f4ba237b35,2026-02-10 07:22:48+00:00,BTCUSDT,19797.358788,2.460509
8fb36f72-dd3e-4ecd-9edc-3b11ff6f98ed,2026-02-10 07:22:51+00:00,BTCUSDT,19811.384958,0.0
0798858c-0216-48c2-a81f-757a87c41c45,2026-02-10 07:23:06+00:00,BTCUSDT,19818.435228,2.961117
9a911cae-b96a-461e-8f1c-a67eee8970ec,2026-02-10 07:23:15+00:00,BTCUSDT,19816.566075,1.999386
861631d3-b329-4013-a56a-7583a3eb2641,2026-02-10 07:23:48+00:00,BTCUSDT,19807.184391,2.172257
5e4a98e4-de4d-42b6-9467-d2387f2508fe,2026-02-10 07:23:54+00:00,BTCUSDT,19813.511991,4.754744
227a6de4-2f19-4547-98d6-4ba373cdd43e,2026-02-10 07:23:57+00:00,BTCUSDT,19827.464447,1.067865
4c75d2a9-f33f-49de-ac0f-03557bdeab9d,2026-02-10 07:24:12+00:00,BTCUSDT,19835.04624,2.364202
a7a2d7c3-0f95-4887-9cec-8304123ef856,2026-02-10 07:24:27+00:00,BTCUSDT,19842.514872,2.246843
d27de33c-c41b-41cb-970d-2d4e90c69a8b,2026-02-10 07:24:39+00:00,BTCUSDT,19831.174383,1.772029
ab044fcb-8eb3-42e1-9097-1f86d30375ff,2026-02-10 07:24:54+00:00,BTCUSDT,19838.660946,2.566254
65d81412-1946-492e-8777-625be4a7df3d,2026-02-10 07:25:09+00:00,BTCUSDT,19845.515458,2.430139
4e3dfb66-e29d-4e13-bf28-83c510e32d94,2026-02-10 07:25:15+00:00,BTCUSDT,19856.836802,1.880087
1bf23587-5eb5-4b97-a08f-fdf15fa064e6,2026-02-10 07:25:21+00:00,BTCUSDT,19859.698688,1.595637
3c28c248-42a1-4e19-a8d9-345fcd821f74,2026-02-10 07:25:24+00:00,BTCUSDT,19875.294252,2.445103
8ff50a19-6763-4830-98aa-bc6d3f8911a3,2026-02-10 07:25:33+00:00,BTCUSDT,19876.256113,2.956088
b0c649de-86d5-4a20-a03a-6224454c301d,2026-02-10 07:25:39+00:00,BTCUSDT,19863.865692,1.640543
1672d5f2-111b-41c2-a213-775d519a69a7,2026-02-10 07:25:42+00:00,BTCUSDT,19865.792575,2.663352
3761d159-552c-4c42-8860-df11fc3e3c5e,2026-02-10 07:25:54+00:00,BTCUSDT,19878.263607,2.204382
e5419ef1-b7f9-44f2-9c15-127f617d2d15,2026-02-10 07:26:03+00:00,BTCUSDT,19883.019408,0.0
3d36d425-82f5-4aa5-8451-121da8dbe665,2026-02-10 07:26:51+00:00,BTCUSDT,19894.363047,3.140312
5b461a5b-041e-4c36-9f43-78a9b737751a,2026-02-10 07:26:54+00:00,BTCUSDT,19910.23033,1.582036
92f9b909-bc5b-4c04-819d-0347365811eb,2026-02-10 07:26:57+00:00,BTCUSDT,19924.988855,2.468301
e79ccc12-9602-40f2-a312-fb5d77ca6d31,2026-02-10 07:27:09+00:00,BTCUSDT,19927.70363,3.143155
d19734fd-fd13-4c6e-9cd4-e553e01b30a2,2026-02-10 07:27:12+00:00,BTCUSDT,19927.896841,2.51676
eb81ec35-a0b2-45f8-9859-b1b730e4a09f,2026-02-10 07:27:24+00:00,BTCUSDT,19927.071358,0.874452
158b23a1-cbd9-4fd3-9d86-8853ec084052,2026-02-10 07:27:33+00:00,BTCUSDT,19942.706741,1.884581
9ed6a9e8-fe57-40a1-b46d-aa7ecd9fa575,2026-02-10 07:27:39+00:00,BTCUSDT,19954.464465,2.211182
67f522df-89fd-4bc4-b30d-30a7e43d1330,2026-02-10 07:27:48+00:00,BTCUSDT,19960.237433,1.536864
b2e642e4-a126-4dad-9d1b-cedea869ab32,2026-02-10 07:28:00+00:00,BTCUSDT,19967.435484,2.591972
16ce1923-f78b-4d12-a778-15d8018d7875,2026-02-10 07:28:06+00:00,BTCUSDT,19976.109466,0.55588
da591941-0506-41bb-a338-4a9c5e7504aa,2026-02-10 07:28:18+00:00,BTCUSDT,19980.38604,3.327971
0f48bb71-220d-4776-a379-0121cc8e988b,2026-02-10 07:28:27+00:00,BTCUSDT,19994.57336,3.265393
c2356b12-1b99-41e8-a551-956313cb80db,2026-02-10 07:28:51+00:00,BTCUSDT,19988.996439,2.095291
69cb95ea-2d46-41fe-90c2-c7370da65f3b,2026-02-10 07:29:24+00:00,BTCUSDT,20004.520825,1.531669
4e6808a6-2042-4c93-a01d-8022a975ba31,2026-02-10 07:29:27+00:00,BTCUSDT,20017.788039,0.0
1a29183b-6e4c-473b-9967-085ba11c77b1,2026-02-10 07:29:45+00:00,BTCUSDT,20008.472077,1.913309
110a0fda-eae9-45da-a7af-11f96fbc83f3,2026-02-10 07:30:06+00:00,BTCUSDT,20022.06649,2.476382
bd3ff824-bc13-4c09-b572-ed678b88f5ad,2026-02-10 07:30:15+00:00,BTCUSDT,20020.786547,2.450736
deb3a108-8ab8-4c5e-9178-a7cc356d31fa,2026-02-10 07:30:42+00:00,BTCUSDT,20007.194731,1.335217
fc737168-af1d-4568-9b65-f326773d9b93,2026-02-10 07:30:48+00:00,BTCUSDT,20001.119433,3.307051
bf5bff99-c556-4851-a62c-bb1a0e78311b,2026-02-10 07:30:54+00:00,BTCUSDT,20014.640884,2.342319
35c82ff5-a04f-4d9b-b686-7cdf0fcd557e,2026-02-10 07:31:00+00:00,BTCUSDT,20025.463594,1.937957
646e82f8-0b11-48ad-8cd1-670cdad7e758,2026-02-10 07:31:09+00:00,BTCUSDT,20018.261393,2.316623
d82c9072-b47c-4af2-81f7-0eeed8bae561,2026-02-10 07:31:15+00:00,BTCUSDT,20023.859876,2.174843
28b20fdd-3913-4d8e-b3d4-5636c848411f,2026-02-10 07:31:33+00:00,BTCUSDT,20037.949524,1.762324
a08301da-9b21-4c09-938c-04aeba065115,2026-02-10 07:31:36+00:00,BTCUSDT,20041.209543,2.792502
359bba5d-e100-4c24-af89-5cadb7475315,2026-02-10 07:31:39+00:00,BTCUSDT,20032.00937,3.705837
f25dba3b-92f7-4519-8b86-263d6cca0cd5,2026-02-10 07:31:42+00:00,BTCUSDT,20016.745096,3.136161
e045f74a-8867-41bb-aade-1cf009d14f84,2026-02-10 07:31:48+00:00,BTCUSDT,20021.419054,1.792597
05c453a6-ef64-40ab-aef8-49c0dd73a964,2026-02-10 07:31:51+00:00,BTCUSDT,20012.028651,2.790079
cfc9d4e8-e7d6-4be8-9232-cea2ea9a1024,2026-02-10 07:31:54+00:00,BTCUSDT,20013.934391,2.851101
7db8fc59-5c38-4cdf-bb1f-6a819e4994d9,2026-02-10 07:32:12+00:00,BTCUSDT,20004.455241,1.883889
1b318501-7286-4084-b350-3f39ae572768,2026-02-10 07:32:51+00:00,BTCUSDT,19998.647227,1.786701
825a4e80-fcc2-4f4e-ab9c-6e8d04fa8d23,2026-02-10 07:32:54+00:00,BTCUSDT,20010.2806,1.394118
d76d2625-8064-4acf-bb97-c22c0b96f5e4,2026-02-10 07:33:18+00:00,BTCUSDT,19999.434752,1.089192
c2f295b0-d16c-4e37-8f10-7b75648d2162,2026-02-10 07:33:21+00:00,BTCUSDT,19986.463014,1.704662
30707d21-17f7-49a3-8990-426a9ec080f3,2026-02-10 07:33:51+00:00,BTCUSDT,19999.067189,2.45899
086ff21e-b6f8-46eb-933c-eda1a510ab7f,2026-02-10 07:34:09+00:00,BTCUSDT,20002.912629,1.938553
408148f6-5358-449e-9b36-dec2e352653f,2026-02-10 07:34:12+00:00,BTCUSDT,20009.967938,3.295254
24d45ef3-eb1f-475d-86f0-28f158859e4a,2026-02-10 07:34:30+00:00,BTCUSDT,19996.559538,1.57291
cc70cd90-50d5-4250-a09a-a628322468af,2026-02-10 07:35:03+00:00,BTCUSDT,20000.196881,2.454013
b5ff4205-e6ec-4a1d-99dc-4ec384fe38ab,2026-02-10 07:35:12+00:00,BTCUSDT,20004.807043,0.54127
7f39cbb6-1b24-42b8-a1bb-5978d54ce36f,2026-02-10 07:35:18+00:00,BTCUSDT,20005.751711,2.178128
6e20bc8f-a6da-4080-a4c4-9d1c372c79a0,2026-02-10 07:35:21+00:00,BTCUSDT,20003.088175,2.715656
e83eeab0-4d4f-4180-ac65-aa5eb69d17fc,2026-02-10 07:35:27+00:00,BTCUSDT,20012.629692,0.777343
0e7e8613-d296-42f3-a0fa-89e9f84fb161,2026-02-10 07:35:45+00:00,BTCUSDT,20003.308949,3.309504
34ee2313-ee90-4d67-bc84-b46e36108083,2026-02-10 07:35:51+00:00,BTCUSDT,20016.980199,1.372809
aaf77ca1-4eae-4bd9-90be-e6ba8fa18338,2026-02-10 07:36:03+00:00,BTCUSDT,20008.611727,3.189688
89213327-4167-416b-92e4-da9723d8bb45,2026-02-10 07:36:15+00:00,BTCUSDT,19997.926059,2.243063
6d3dbab8-86d1-4964-b727-8ea485664f8e,2026-02-10 07:36:24+00:00,BTCUSDT,19991.16361,2.135329
562ab327-7a20-479c-ae6e-82edc23062d5,2026-02-10 07:36:33+00:00,BTCUSDT,19999.785117,1.34433
7a22dd8e-645e-43ce-9ae5-304c3bf08800,2026-02-10 07:36:51+00:00,BTCUSDT,19985.493538,2.638919
c81b56e4-ad4a-4dba-bb25-1e11eb19d47c,2026-02-10 07:36:54+00:00,BTCUSDT,19981.4705,0.484731
b720cd3a-9ff8-496e-b564-b02871214c9a,2026-02-10 07:37:15+00:00,BTCUSDT,19965.991291,2.048774
a3a11658-b622-4e39-8d9b-88f05528cc64,2026-02-10 07:37:30+00:00,BTCUSDT,19967.588792,1.909356
c6a93e52-7b87-4961-8705-3d21742d02fb,2026-02-10 07:37:42+00:00,BTCUSDT,19966.983167,2.010631
ea7689b4-3443-4250-908b-5df7cb14d10b,2026-02-10 07:37:54+00:00,BTCUSDT,19968.290797,0.103076
c6cce709-92b6-427d-9943-037dc54ce849,2026-02-10 07:38:00+00:00,BTCUSDT,19958.3724,1.808099
8faf2f64-6b17-4383-adeb-c5532089244b,2026-02-10 07:38:03+00:00,BTCUSDT,19955.644319,3.043731
4a97db31-bf96-4bf2-bf80-a170cbd8b3c3,2026-02-10 07:38:15+00:00,BTCUSDT,19958.232386,2.889231
12deccf3-e6aa-4e65-bc98-ac67bc96d962,2026-02-10 07:38:42+00:00,BTCUSDT,19958.104519,1.234746
40046770-7a24-4006-a6ab-52c912f6ff7b,2026-02-10 07:38:54+00:00,BTCUSDT,19961.671832,2.5227
4e4339d4-50e2-41ca-9f31-ce7a0536ef3f,2026-02-10 07:39:15+00:00,BTCUSDT,19949.448623,1.65258
b3942476-d698-426f-84c4-a40389efec9d,2026-02-10 07:39:21+00:00,BTCUSDT,19947.874259,2.30246
b40d783a-a6e1-4827-8ddc-21eaa9d66531,2026-02-10 07:39:36+00:00,BTCUSDT,19950.475415,2.86423
c1644240-7c39-43ef-94f0-97dcc330a08b,2026-02-10 07:39:51+00:00,BTCUSDT,19938.956851,2.1054
49743814-e6e9-43d1-a339-eb0dc94ccefe,2026-02-10 07:40:06+00:00,BTCUSDT,19934.343204,3.024172
c2f4a1c2-9cc2-41a0-beb2-89edea99dd5b,2026-02-10 07:40:21+00:00,BTCUSDT,19925.5169,1.90888
cadde1cd-ced8-47c0-8ce7-58fcd1516312,2026-02-10 07:40:30+00:00,BTCUSDT,19912.284138,2.680583
9258e479-6803-4da9-9ba6-2f8018902863,2026-02-10 07:40:48+00:00,BTCUSDT,19909.323873,2.952369
46090ce1-7f08-4929-8fc1-e8eaa4f82809,2026-02-10 07:40:51+00:00,BTCUSDT,19906.434992,2.056417
da4aa564-4d54-4ebe-9d5c-9ee2194e8bae,2026-02-10 07:41:06+00:00,BTCUSDT,19898.231238,0.0
d971108d-3c77-4dac-b2d0-80ca90f70b9b,2026-02-10 07:41:30+00:00,BTCUSDT,19884.862096,2.754898
eb84646f-298e-41e4-b8a3-54f9ee44afd6,2026-02-10 07:41:36+00:00,BTCUSDT,19874.737849,1.265281
28996b59-338f-4c48-bfed-a26f641ce9b9,2026-02-10 07:42:42+00:00,BTCUSDT,19890.008447,1.725396
2345c916-44a2-49dd-921b-b8944eac2bc9,2026-02-10 07:42:51+00:00,BTCUSDT,19893.824172,1.269448
a45d6be1-6528-4dac-9a0e-5573afc02daa,2026-02-10 07:43:12+00:00,BTCUSDT,19900.196909,1.802612
a4f51ca4-965e-4a43-8fc2-d78964f126bb,2026-02-10 07:43:24+00:00,BTCUSDT,19915.802756,1.161591
06846c5b-56fd-4896-943e-f14e3236fc87,2026-02-10 07:43:33+00:00,BTCUSDT,19907.502748,2.96558
f5aea7de-b323-4361-be5e-9b82800b5684,2026-02-10 07:43:54+00:00,BTCUSDT,19902.747547,3.673353
e09e35fd-afed-473c-8ec7-5dc37500a005,2026-02-10 07:44:21+00:00,BTCUSDT,19915.60464,2.228107
b671636c-39b9-403f-8e58-837b28528624,2026-02-10 07:44:39+00:00,BTCUSDT,19916.534175,0.927944
050b0570-6ff5-4f40-a330-4c28704f6e7a,2026-02-10 07:45:09+00:00,BTCUSDT,19928.834198,2.506451
fe55d1c8-3d52-4aad-aeff-6f44eb3ff3e6,2026-02-10 07:45:24+00:00,BTCUSDT,19938.430148,1.960572
b67dce61-70b8-405f-81ab-fe93cb6f7fb8,2026-02-10 07:45:30+00:00,BTCUSDT,19934.468556,1.525178
6466560a-73e5-4172-8736-5dd754945a8a,2026-02-10 07:45:48+00:00,BTCUSDT,19929.20611,1.474601
036270f3-6799-4ada-9fb9-218ab8d8368e,2026-02-10 07:46:03+00:00,BTCUSDT,19936.798374,1.517308
b6c38bcd-c217-4eef-80d6-ab6acfa2a322,2026-02-10 07:46:06+00:00,BTCUSDT,19945.960905,1.757626
ae63ea02-ea6c-45fe-a463-c90e3e8be2ad,2026-02-10 07:46:21+00:00,BTCUSDT,19940.451081,1.612017
0f5c4d69-8a1f-44cb-964e-bcf7d9d505c5,2026-02-10 07:46:45+00:00,BTCUSDT,19927.570399,2.300628
31e49496-1524-4df7-8e95-781dc085e412,2026-02-10 07:46:48+00:00,BTCUSDT,19928.771851,2.06465
c9e2b95c-ba02-425b-a503-dfbdd743df23,2026-02-10 07:46:51+00:00,BTCUSDT,19935.392039,1.382508
55a991ae-07d5-4dfc-b33b-0a201d671458,2026-02-10 07:46:57+00:00,BTCUSDT,19921.240387,2.613197
7b7a7b65-9779-4ef3-8cee-f8c262b535da,2026-02-10 07:47:00+00:00,BTCUSDT,19917.842087,2.185779
c311df6d-a347-4a92-a359-d59d91dbabea,2026-02-10 07:47:09+00:00,BTCUSDT,19922.395536,1.625424
2dc49d0f-af79-4e8c-b88d-d18c79f6f1f1,2026-02-10 07:47:12+00:00,BTCUSDT,19907.24174,4.381964
e63eab8d-70ad-4751-a77c-af6f87610770,2026-02-10 07:47:15+00:00,BTCUSDT,19917.396156,1.293341
90b8885d-49b1-448f-9edc-eb55d2a913ff,2026-02-10 07:47:33+00:00,BTCUSDT,19923.245534,2.79798
b5237912-c9ae-4816-99ec-8a78d1c66fc4,2026-02-10 07:47:42+00:00,BTCUSDT,19920.310541,1.50552
37038f36-b1bd-4a91-9e52-f75480c6d363,2026-02-10 07:48:33+00:00,BTCUSDT,19933.07362,2.468872
7cfb2c58-beac-4f9c-8f4b-9b0732647104,2026-02-10 07:48:48+00:00,BTCUSDT,19924.566871,1.311231
1873ef5f-1ce0-4779-bb4a-79bcdb5c3957,2026-02-10 07:49:24+00:00,BTCUSDT,19938.382485,2.427673
30b6d44c-51d6-4012-a255-4e5ef5bc8e07,2026-02-10 07:49:27+00:00,BTCUSDT,19925.976736,1.745525
87e0b15a-80e8-4290-8dad-c950e50c8506,2026-02-10 07:49:42+00:00,BTCUSDT,19941.793443,1.364223
e0bffe8b-b43e-42a8-a212-b4e42379ccbc,2026-02-10 07:50:15+00:00,BTCUSDT,19930.533303,2.91128
12449b4e-b657-46c5-81e5-a37122e4a9bc,2026-02-10 07:50:30+00:00,BTCUSDT,19917.233764,1.785132
20216d1a-eb8c-49d2-a633-4022720e038e,2026-02-10 07:50:36+00:00,BTCUSDT,19918.025396,1.303151
1613bf4e-165d-472c-82f8-d00e8bb6ab10,2026-02-10 07:50:39+00:00,BTCUSDT,19930.822791,3.214749
4fccad88-dadf-44ee-aaa0-d08fdac0774c,2026-02-10 07:51:06+00:00,BTCUSDT,19923.639839,2.278804
3634f0f6-cf94-410d-8c2a-89decc505a67,2026-02-10 07:51:12+00:00,BTCUSDT,19930.737983,0.459623
70e9524b-d51b-47a3-a7e4-28b1c70149de,2026-02-10 07:51:45+00:00,BTCUSDT,19918.449196,1.971118
144f8580-7380-4879-b759-37f74461e1a0,2026-02-10 07:52:00+00:00,BTCUSDT,19919.161021,2.548209
1dd2b040-3acf-46c7-92ed-0eb22cc6d189,2026-02-10 07:52:12+00:00,BTCUSDT,19911.442478,1.684358
a1b41b89-0075-4802-a30c-852af1cb39a9,2026-02-10 07:52:18+00:00,BTCUSDT,19922.585787,1.144663
2af327e8-f0f4-4d32-863d-b0200b7e44fc,2026-02-10 07:52:24+00:00,BTCUSDT,19933.920309,1.083298
429b7f85-65f7-45e0-91f0-7a03ea43bc03,2026-02-10 07:52:27+00:00,BTCUSDT,19918.265551,3.058984
20f761e6-8184-4675-8d98-e898deb07f42,2026-02-10 07:52:33+00:00,BTCUSDT,19921.604609,2.405246
144eb86a-6934-46ed-ae30-458a0116cb06,2026-02-10 07:53:00+00:00,BTCUSDT,19915.297954,1.442406
94a1abc4-1be9-488c-b5d5-513992c2911c,2026-02-10 07:53:09+00:00,BTCUSDT,19928.77846,2.998572
c43244d8-c2d6-4d71-a53d-06d4bfd4dc66,2026-02-10 07:53:15+00:00,BTCUSDT,19934.835056,1.194725
16d558f1-18d3-470f-89b4-452cd1a07e32,2026-02-10 07:53:33+00:00,BTCUSDT,19929.082146,2.325052
c8749e30-4f06-44a0-bf68-8380576bc4e2,2026-02-10 07:53:54+00:00,BTCUSDT,19933.006302,0.500452
f13f61f2-7e52-41a2-a09c-8d8b8de1f619,2026-02-10 07:54:18+00:00,BTCUSDT,19935.9362,2.347015
b74fc09a-1533-4573-9c37-e173478378f9,2026-02-10 07:54:30+00:00,BTCUSDT,19921.497962,5.201783
82fbb73e-e5e5-42c4-a5df-c03968fdbd64,2026-02-10 07:55:12+00:00,BTCUSDT,19926.499027,4.207364
e0f2641c-dda5-4386-ab7e-adfeec585118,2026-02-10 07:55:15+00:00,BTCUSDT,19911.459271,4.005976
9c5b144a-8ab9-4f50-bb9e-dfdf174e04b4,2026-02-10 07:55:27+00:00,BTCUSDT,19924.681895,3.435619
f3094f5f-6ea1-47d9-821a-f2181408927c,2026-02-10 07:55:30+00:00,BTCUSDT,19937.648465,0.529666
a0a75cb0-41a2-464b-9938-abd01037b4cc,2026-02-10 07:55:39+00:00,BTCUSDT,19951.565599,2.433324
450c50cc-efc7-41b5-a8ba-9d63b61b6c0d,2026-02-10 07:55:42+00:00,BTCUSDT,19965.992765,0.502931
f907e1c8-2639-40dd-86f7-2e9aae3c8e11,2026-02-10 07:56:12+00:00,BTCUSDT,19952.727777,1.888038
0a9839e8-b8ea-424d-a308-4bc95d7ba94c,2026-02-10 07:56:21+00:00,BTCUSDT,19956.890496,1.555932
bca30ea0-4f49-42b6-b050-91bef724eebe,2026-02-10 07:56:27+00:00,BTCUSDT,19945.09493,0.0
3bc4c1e3-d421-49a2-80aa-033c21300791,2026-02-10 07:56:30+00:00,BTCUSDT,19931.458918,0.277192
0dcb4063-6da5-4112-a5ba-5426e50b855a,2026-02-10 07:56:48+00:00,BTCUSDT,19917.835251,2.228444
61312321-2575-43c2-b6db-a1b36b286b46,2026-02-10 07:56:54+00:00,BTCUSDT,19928.798915,2.744563
e32521ea-759f-4bfc-92a4-a1c4e0d4315f,2026-02-10 07:57:57+00:00,BTCUSDT,19923.648968,2.346881
8faeab48-ba3e-4e7e-b974-0f574fa7d547,2026-02-10 07:58:00+00:00,BTCUSDT,19931.338364,3.249647
18c3fac2-48b4-4702-a4f6-f7cf0ddca4e1,2026-02-10 07:58:33+00:00,BTCUSDT,19925.056338,1.804249
c81f4ca6-dd46-49ad-8487-015bc3494ecb,2026-02-10 07:58:39+00:00,BTCUSDT,19938.70176,1.040448
1fefbb55-8d3b-4d24-a5b5-7c4d60e115cf,2026-02-10 07:59:00+00:00,BTCUSDT,19948.101794,2.760206
02cce189-d278-4d2a-bb36-72e7c4334c35,2026-02-10 07:59:18+00:00,BTCUSDT,19939.313763,1.641974
196653c4-ade1-4460-a877-f403a9702f25,2026-02-10 07:59:45+00:00,BTCUSDT,19930.187996,0.323638
f02ba73a-6f4b-46c3-bed5-7a6e1860494e,2026-02-10 07:59:54+00:00,BTCUSDT,19922.696213,1.870856
f4053cf8-0d7a-4a86-b011-8e96312ac0ee,2026-02-10 08:00:03+00:00,BTCUSDT,37387.623629,1.540186
dbf2b895-2fda-4899-a0c7-571935fcbe1a,2026-02-10 08:00:09+00:00,BTCUSDT,37371.620822,0.100169
50332380-e156-4221-a9ab-c42eb4fb9ce6,2026-02-10 08:00:12+00:00,BTCUSDT,37370.763731,3.296478
06ed6179-4038-4071-a5f2-f9aab1cd1560,2026-02-10 08:00:15+00:00,BTCUSDT,37388.27988,1.501451
fafcb78f-a3fe-4efc-b1a6-35db1c89dfad,2026-02-10 08:00:24+00:00,BTCUSDT,37385.788083,1.570057
c176eb52-2c44-42df-b242-c7ad6d360c48,2026-02-10 08:00:33+00:00,BTCUSDT,37369.906115,2.642445
18bd1a24-354e-44f7-9664-6c8676c0dfee,2026-02-10 08:00:45+00:00,BTCUSDT,37354.873706,2.325839
d7585554-5199-4a8a-9cff-db0d3f26bbd9,2026-02-10 08:00:54+00:00,BTCUSDT,37335.16353,1.484405
25d2f992-ebaa-4cc7-963b-9495c06c5450,2026-02-10 08:00:57+00:00,BTCUSDT,37346.177227,1.847871
7a5b4ff7-71b3-4e78-9177-674b7baf8238,2026-02-10 08:01:03+00:00,BTCUSDT,37369.77626,2.054763
0ad94d9f-6783-4da9-bd38-f75706d3dc32,2026-02-10 08:01:18+00:00,BTCUSDT,37389.695902,2.761459
98d468fc-6a66-4992-9a02-d94637a021ee,2026-02-10 08:01:24+00:00,BTCUSDT,37364.471424,2.508881
ad2804d4-9cfc-4ebe-8dda-e9fcc8d88f5b,2026-02-10 08:01:30+00:00,BTCUSDT,37352.978625,2.758526
c1e6974a-124d-4736-8948-ef6682bbee1d,2026-02-10 08:01:33+00:00,BTCUSDT,37360.731332,1.597605
c4f60436-3480-4ba0-9599-25fb821a8657,2026-02-10 08:01:36+00:00,BTCUSDT,37367.69189,1.787047
122f9d9d-d0a5-4d43-ada4-52820cb33fd5,2026-02-10 08:01:42+00:00,BTCUSDT,37346.980839,3.072023
86be69bc-ed5f-40ce-97fd-b01708a494b0,2026-02-10 08:01:45+00:00,BTCUSDT,37353.264395,3.014577
8775bd1e-ad92-408a-802e-8a74d3474410,2026-02-10 08:01:57+00:00,BTCUSDT,37339.703377,0.161109
7e86acfb-19d3-47a0-b1ff-63ba40e31ad4,2026-02-10 08:02:51+00:00,BTCUSDT,37351.247571,4.283358
f1fe2877-6ccc-42bf-9caa-89adcb81dacc,2026-02-10 08:02:57+00:00,BTCUSDT,37336.759134,3.464343
0c84867e-7e17-4a2c-a81f-61f655dbef79,2026-02-10 08:03:00+00:00,BTCUSDT,37307.579593,0.0
1b7459e4-65d8-48ea-83d5-e936cdacd6ff,2026-02-10 08:03:03+00:00,BTCUSDT,37303.438375,1.732015
cc68d831-c189-47fa-af1d-7e04ba028bbc,2026-02-10 08:03:06+00:00,BTCUSDT,37317.635299,2.19819
8589530c-4f76-485e-9d4f-1d6456ad17b0,2026-02-10 08:03:21+00:00,BTCUSDT,37299.220947,3.107416
bdb9795f-69a4-4afe-ab7f-b1df79e67058,2026-02-10 08:03:51+00:00,BTCUSDT,37280.003374,3.262825
3c761619-73fb-4352-a985-02b7bdfe0dd4,2026-02-10 08:04:03+00:00,BTCUSDT,37294.51059,1.918264
1f5427ba-9541-4317-94b6-e7d6e16b744f,2026-02-10 08:04:09+00:00,BTCUSDT,37312.656931,0.298073
4b77bd85-e648-4e9a-8de0-592d6c72c7cc,2026-02-10 08:04:21+00:00,BTCUSDT,37291.863068,3.218745
f73ce86e-257e-43e7-8256-858e6d6e515c,2026-02-10 08:04:27+00:00,BTCUSDT,37319.779578,1.613616
8e18ba5a-7351-48b2-ab53-0dc0ccd68d83,2026-02-10 08:04:33+00:00,BTCUSDT,37345.452102,1.379779
28ef203a-7b70-4e8c-a1c4-91b6bb3ae769,2026-02-10 08:04:39+00:00,BTCUSDT,37325.914002,0.338467
1927d361-ca58-400a-82d0-7ee50f1630f7,2026-02-10 08:04:45+00:00,BTCUSDT,37352.816607,0.789213
728847b8-48d9-41af-a003-2a52c9e785dc,2026-02-10 08:04:54+00:00,BTCUSDT,37355.736839,0.724301
c35b10d3-ad72-4573-886e-30f2e9011a79,2026-02-10 08:05:39+00:00,BTCUSDT,37364.25782,1.82037
ec69a224-74f6-4df0-9293-b4c9d798f6ed,2026-02-10 08:05:51+00:00,BTCUSDT,37341.592449,3.036756
dd6a4368-cf54-4e03-be1e-9f8832611399,2026-02-10 08:05:57+00:00,BTCUSDT,37325.519656,2.624914
f62e5a56-e850-4afa-a621-626eb89b71ae,2026-02-10 08:06:03+00:00,BTCUSDT,37310.990449,0.948648
9046da30-b2ec-48b8-9f5e-6feca5efd25b,2026-02-10 08:06:09+00:00,BTCUSDT,37284.003821,2.180847
65e0e069-3588-41dc-a31c-f4b207e0d34b,2026-02-10 08:06:12+00:00,BTCUSDT,37292.516584,2.920035
208f58e8-26c3-49ea-ad0d-e2d789db4048,2026-02-10 08:06:18+00:00,BTCUSDT,37273.871989,1.106664
6209082b-971a-45db-80cf-5b780fac1d18,2026-02-10 08:06:48+00:00,BTCUSDT,37275.615579,4.196115
bd5cc6f7-10e8-40ac-916d-7298ebe32dda,2026-02-10 08:06:51+00:00,BTCUSDT,37273.802053,0.120466
b15b030f-740e-47ee-a1fb-32c96af9fb46,2026-02-10 08:07:36+00:00,BTCUSDT,37275.468575,2.001617
9b65cfae-e556-4207-afa1-ca7e503cd548,2026-02-10 08:08:03+00:00,BTCUSDT,37302.757051,3.671519
f0426bc0-5dad-4e94-8421-2fb3541a57f2,2026-02-10 08:08:42+00:00,BTCUSDT,37274.200652,1.437836
c0cec4a5-5c96-4193-b3c5-cf9a4ec1a85c,2026-02-10 08:09:12+00:00,BTCUSDT,37258.136681,2.076061
d44a4ac2-7129-40f4-974e-2805b8ef1447,2026-02-10 08:09:15+00:00,BTCUSDT,37250.17775,3.051624
9bd73865-5cca-45d2-8463-27aaa01275ee,2026-02-10 08:09:39+00:00,BTCUSDT,37262.975028,2.885021
09f3202c-028e-4f83-96db-b3b0a04ec826,2026-02-10 08:09:48+00:00,BTCUSDT,37256.726013,3.146861
88e0656b-aeba-4e0a-83f1-784dde6d342f,2026-02-10 08:10:15+00:00,BTCUSDT,37227.717556,1.683593
55add20e-0361-46ed-8e86-c82af0de7797,2026-02-10 08:10:18+00:00,BTCUSDT,37212.330831,1.962955
8305c6e1-46ad-40e4-8b7c-00fbfa4269b8,2026-02-10 08:10:33+00:00,BTCUSDT,37183.231246,3.604668
0f1e43af-148d-4cf3-a082-3550f495c28b,2026-02-10 08:10:48+00:00,BTCUSDT,37155.490629,2.010883
4f6c9a90-3956-4820-b7a6-309effacd9d7,2026-02-10 08:11:00+00:00,BTCUSDT,37144.091556,3.815852
601d426f-8e36-4248-af97-9e0a9d305c02,2026-02-10 08:11:21+00:00,BTCUSDT,37117.423435,1.873937
ae07b13f-4c3b-44f7-90c1-f022347468aa,2026-02-10 08:11:27+00:00,BTCUSDT,37146.73927,1.357533
15c8f998-60b7-4e79-a7b7-fdf1cfe37495,2026-02-10 08:11:45+00:00,BTCUSDT,37169.142386,2.647847
72e9a8a9-1c81-4a23-8e53-2eaf9159bafa,2026-02-10 08:11:57+00:00,BTCUSDT,37198.312973,1.845811
f74220d1-36b8-4f46-a032-911b28153ecf,2026-02-10 08:12:00+00:00,BTCUSDT,37217.718889,2.799805
39608263-c51b-40f2-b14f-2b0e10f231e6,2026-02-10 08:12:03+00:00,BTCUSDT,37223.759304,1.821448
01c35941-03ee-4c68-bddc-a0d95482deeb,2026-02-10 08:12:06+00:00,BTCUSDT,37205.015675,1.369529
4966fe9b-8cb7-44ba-8242-64a6f45937e5,2026-02-10 08:12:18+00:00,BTCUSDT,37233.973794,3.148713
08064c70-5175-49f4-b2c9-92fd8300df89,2026-02-10 08:12:36+00:00,BTCUSDT,37209.608528,2.332847
de77707e-b1cb-4dc5-a28f-127949ffc145,2026-02-10 08:12:39+00:00,BTCUSDT,37231.950766,2.420072
44bdaafc-338b-4c12-9eb4-8e3b4867982f,2026-02-10 08:12:54+00:00,BTCUSDT,37251.051951,2.209828
facb4e1e-2183-4d2e-9673-355ab03e2c8f,2026-02-10 08:13:09+00:00,BTCUSDT,37241.444632,1.679031
50f37f3b-55c1-41c4-b457-add455e755fe,2026-02-10 08:13:21+00:00,BTCUSDT,37228.327781,3.664567
d2ae1f09-c529-4cf9-a28c-1dd0018590d6,2026-02-10 08:13:36+00:00,BTCUSDT,37215.752722,0.500799
45ea2044-56bc-4a18-aafd-e7417d5d2cfb,2026-02-10 08:13:42+00:00,BTCUSDT,37232.813674,1.459674
8ccf91cd-b034-42e2-8675-09a7e243026b,2026-02-10 08:13:54+00:00,BTCUSDT,37258.078,1.626177
06da7ebe-b1fb-4c7f-bc0a-f5377b7d19b9,2026-02-10 08:13:57+00:00,BTCUSDT,37286.870052,2.215668
c0d9a915-3303-4bf9-80a2-595dc673f88c,2026-02-10 08:14:12+00:00,BTCUSDT,37294.421406,2.286156
edd18609-8030-42e4-b49f-1b46b5c1c258,2026-02-10 08:14:21+00:00,BTCUSDT,37317.888632,1.900258
b8062e2c-f7e4-4107-8c00-e553788de213,2026-02-10 08:14:36+00:00,BTCUSDT,37337.006099,3.840964
8c624f0c-709a-4624-8541-c56a2a515208,2026-02-10 08:14:45+00:00,BTCUSDT,37344.549999,0.37786
5dba9de3-b312-491c-9118-aa7ba957b5cf,2026-02-10 08:14:48+00:00,BTCUSDT,37360.691333,1.572523
64a4e23a-6324-489c-a6a0-a9dd0e90cb9b,2026-02-10 08:14:54+00:00,BTCUSDT,37345.148408,2.253817
f1da7643-f5e3-42ec-8880-2ec34840e0df,2026-02-10 08:15:18+00:00,BTCUSDT,37356.211893,0.43302
a06f1179-eeb8-4ae0-8f49-62110114a1db,2026-02-10 08:15:24+00:00,BTCUSDT,37340.569537,2.892777
7f2d3282-d8e3-4542-aea4-39c93b4b800e,2026-02-10 08:16:00+00:00,BTCUSDT,37324.149991,1.794081
f7fbcbf8-be17-4aea-861b-5cd0f706d202,2026-02-10 08:16:12+00:00,BTCUSDT,37345.750499,1.026567
b4d817ec-45a2-4537-9f7e-abc00c56ff4b,2026-02-10 08:16:24+00:00,BTCUSDT,37328.0228,1.532396
acd1ab08-b448-418a-aff4-891dec7ae8a1,2026-02-10 08:16:33+00:00,BTCUSDT,37351.713917,3.21956
24ea23a3-f202-4f1a-8f7b-788a0de0fe07,2026-02-10 08:16:39+00:00,BTCUSDT,37354.528058,1.94798
436e1761-5d2c-4982-aedf-a7a240f00dcc,2026-02-10 08:16:57+00:00,BTCUSDT,37347.218257,2.723208
ffca6041-6844-41e1-a712-5896cd1b6292,2026-02-10 08:17:09+00:00,BTCUSDT,37354.153566,1.754949
065362f5-b06d-4997-9692-19448a3dcffb,2026-02-10 08:17:18+00:00,BTCUSDT,37337.275164,1.839906
db71a146-41bb-46eb-8a5e-3f38b14edb93,2026-02-10 08:17:21+00:00,BTCUSDT,37309.500426,1.915394
4466bb5c-fdaf-40a5-9ce5-876ef4d23646,2026-02-10 08:17:24+00:00,BTCUSDT,37318.123677,1.249162
8a6b6da0-8fc4-4ddd-9339-494064c548bb,2026-02-10 08:17:27+00:00,BTCUSDT,37342.501197,2.761605
ca8b0297-7be5-4169-9422-2bc96ddcbac4,2026-02-10 08:17:45+00:00,BTCUSDT,37359.145188,2.959472
f2722744-1580-4d4e-b66d-4edd545239b1,2026-02-10 08:17:54+00:00,BTCUSDT,37331.089021,3.563992
ad1f1c73-4fd1-4ce1-8b86-7a7d37e7ea38,2026-02-10 08:18:06+00:00,BTCUSDT,37330.151287,2.519273
fa0e8e59-1711-48d4-9e2d-6bd9df79f6fd,2026-02-10 08:18:21+00:00,BTCUSDT,37314.163774,2.736019
4c774779-8d3c-4fc1-8de4-3e588695f207,2026-02-10 08:18:30+00:00,BTCUSDT,37308.197954,2.479485
5f883dd1-6235-4239-b798-dea616d55d0f,2026-02-10 08:18:36+00:00,BTCUSDT,37281.043516,1.664394
80aeffdf-80b5-4384-aeec-57a1ac07b58a,2026-02-10 08:18:54+00:00,BTCUSDT,37269.162373,1.672423
dc73b07f-340c-4706-921b-f7656df58ca2,2026-02-10 08:19:15+00:00,BTCUSDT,37251.56327,1.494867
6d26a4f3-df0f-405b-a559-d774aaf0f48d,2026-02-10 08:19:18+00:00,BTCUSDT,37275.43328,1.587859
38853d0f-fa47-408f-a534-6a93ea87ef1c,2026-02-10 08:19:21+00:00,BTCUSDT,37267.790632,2.13779
df552d28-1de2-49d8-9220-261fbdb5797a,2026-02-10 08:19:27+00:00,BTCUSDT,37261.133525,0.000911
aeba19f0-a10a-49af-a647-8b7c81b99c6b,2026-02-10 08:19:30+00:00,BTCUSDT,37238.203735,1.86016
f6fa388a-e290-47d8-9fbc-b2e3b75fe6cd,2026-02-10 08:19:42+00:00,BTCUSDT,37259.375642,2.96022
8f433844-f580-4797-b976-336bad952732,2026-02-10 08:19:57+00:00,BTCUSDT,37260.605329,1.661267
bbe5bafe-8374-47b0-80e2-bebd6d282395,2026-02-10 08:20:00+00:00,BTCUSDT,37231.175088,0.888878
bcf9ebcb-96c5-4b75-943b-26ce0ee4168a,2026-02-10 08:20:06+00:00,BTCUSDT,37236.600319,3.323368
1bc8ec85-31e0-4518-992e-165c5dc720df,2026-02-10 08:20:12+00:00,BTCUSDT,37225.502881,2.019157
51c9294a-94d0-4354-a56c-67138af238f0,2026-02-10 08:20:21+00:00,BTCUSDT,37205.3646,1.117066
06925564-aeab-4b3b-9bc0-b616d756852f,2026-02-10 08:20:30+00:00,BTCUSDT,37175.694287,2.885407
f2ef2a20-7f79-4066-b826-04b9bef837ff,2026-02-10 08:20:42+00:00,BTCUSDT,37178.428558,3.071004
cfa0cacc-a4ec-4de3-8cb3-dc5961a84440,2026-02-10 08:20:51+00:00,BTCUSDT,37193.472807,2.125731
f361a92d-4fd3-4596-bef9-138cca4ef3ec,2026-02-10 08:20:57+00:00,BTCUSDT,37179.537566,0.958218
29ce264d-a3ed-4a53-a538-14bab7cab6dd,2026-02-10 08:21:33+00:00,BTCUSDT,37196.791024,2.699482
108e5a94-c37d-44d9-a685-9157c3e57fee,2026-02-10 08:21:48+00:00,BTCUSDT,37176.782833,1.45602
7e9427df-cf3a-4d66-9a8e-9fa8219a1f11,2026-02-10 08:21:51+00:00,BTCUSDT,37186.473401,0.780362
c9a92701-8aaf-4d40-bdb4-f9309ba1b675,2026-02-10 08:21:54+00:00,BTCUSDT,37180.827267,1.248617
1f3ef77d-fcf8-4e33-9221-cdb63387c69e,2026-02-10 08:22:00+00:00,BTCUSDT,37183.8961,2.565558
d2c6de0b-d366-4dd4-bcb0-5c894619899d,2026-02-10 08:22:09+00:00,BTCUSDT,37158.095353,2.748163
831df001-ccdf-429b-a566-95cbc7882a50,2026-02-10 08:22:12+00:00,BTCUSDT,37151.036678,2.76929
26b578f1-2b64-4259-a16f-bbc016d28685,2026-02-10 08:22:45+00:00,BTCUSDT,37122.811568,3.189509
4cb14cbe-dbe3-419f-9e82-a0c4c28f70eb,2026-02-10 08:22:48+00:00,BTCUSDT,37105.419333,2.60761
e5352ab3-dcd2-4260-83a4-34e62980bf14,2026-02-10 08:24:09+00:00,BTCUSDT,37113.423406,1.650117
c7a3fb15-5a9f-43da-811b-42dab687dc87,2026-02-10 08:24:12+00:00,BTCUSDT,37140.989934,1.990963
db27126b-c24c-496f-9fd1-fd7521a253e5,2026-02-10 08:24:39+00:00,BTCUSDT,37115.252658,3.09138
9637ac67-2c0e-44a4-a688-daf8dd5f0bf8,2026-02-10 08:25:09+00:00,BTCUSDT,37110.289581,1.375032
ff5e94f7-fcdf-4b49-9750-7b122159dc7e,2026-02-10 08:25:21+00:00,BTCUSDT,37118.662199,2.529422
33b63d9b-c03c-4ab1-920a-c9d1e7dc54d1,2026-02-10 08:25:30+00:00,BTCUSDT,37090.771921,0.0
08ffcc9e-45da-4db8-8411-58c046b4b7a4,2026-02-10 08:26:00+00:00,BTCUSDT,37076.734518,0.331446
0a15dac4-839e-4304-9499-1815b28d6e56,2026-02-10 08:26:21+00:00,BTCUSDT,37068.677235,3.118346
b05c5c97-14d6-4487-80ef-dfa6d66021f7,2026-02-10 08:26:33+00:00,BTCUSDT,37092.829319,2.705425
574abc86-b9dd-4b8e-a6d4-67a2e05c4aa4,2026-02-10 08:26:36+00:00,BTCUSDT,37068.310825,2.096767
ad25aac0-4d9e-40eb-b535-6d23bf939051,2026-02-10 08:26:45+00:00,BTCUSDT,37047.117667,2.555177
c02c83d3-8780-4797-86a0-abce9a64488f,2026-02-10 08:27:06+00:00,BTCUSDT,37065.962119,1.754503
01e04b4f-7d5f-44d0-a96e-fb7e24fb9651,2026-02-10 08:27:18+00:00,BTCUSDT,37070.218439,2.32968
5ff3ed7c-9138-48dc-87a6-ee219262dfc8,2026-02-10 08:27:27+00:00,BTCUSDT,37052.033823,0.872492
0c024471-2067-4b1b-919d-a670e284b020,2026-02-10 08:27:33+00:00,BTCUSDT,37029.89606,2.671744
972d174b-a018-4167-9883-2564a19dcb13,2026-02-10 08:28:33+00:00,BTCUSDT,37009.904537,2.748779
05ea3fe5-7240-43bf-8968-bfd3b93c3dbc,2026-02-10 08:28:45+00:00,BTCUSDT,36983.335284,2.279115
23a91c23-f9eb-492c-ad61-22dd3853a1ea,2026-02-10 08:28:48+00:00,BTCUSDT,36994.129805,2.917158
5c6cbba1-10df-4fa3-9f66-898f93ad71b7,2026-02-10 08:28:54+00:00,BTCUSDT,36968.672978,1.392996
6680f949-3fc0-4b36-9e98-db5767c592ef,2026-02-10 08:29:24+00:00,BTCUSDT,36980.01279,1.764895
06ecbea3-4f56-4600-9bd6-406a6ee15e9a,2026-02-10 08:29:27+00:00,BTCUSDT,37004.662585,3.597487
74a2cbd4-f5b2-4586-bb26-d390c76f94a5,2026-02-10 08:29:51+00:00,BTCUSDT,36976.175432,1.427314
4a3a1f36-0e1e-4ccb-b107-8ab9b8c1f4c4,2026-02-10 08:29:57+00:00,BTCUSDT,36957.94498,0.0
b6cd33d8-cd29-4704-b6ea-2cf848948f1d,2026-02-10 08:30:18+00:00,BTCUSDT,36979.265219,1.094366
b6350ec2-4ced-4910-b134-71ea0dc24ee8,2026-02-10 08:30:21+00:00,BTCUSDT,36983.88399,1.319683
6093a348-5c25-44ab-9661-abd39645e688,2026-02-10 08:30:24+00:00,BTCUSDT,37003.408973,1.061823
baa1797e-5ae4-4ca5-af49-77907a4bdc7f,2026-02-10 08:30:27+00:00,BTCUSDT,37026.757991,0.0
61d2186c-29ec-40f5-8ab2-c04b1277539f,2026-02-10 08:31:36+00:00,BTCUSDT,37032.458248,1.502327
9b09c4e5-9df0-43ec-b0b2-6cb34e72403a,2026-02-10 08:31:45+00:00,BTCUSDT,37016.461126,2.442999
05e857ab-713a-427a-8094-2313ba43b1bc,2026-02-10 08:31:57+00:00,BTCUSDT,37043.14906,2.021417
3c38b446-6919-48b2-9ee4-f9df2bc5d1c3,2026-02-10 08:32:12+00:00,BTCUSDT,37064.259382,2.423364
a23cac14-9f27-47e4-ad20-6048262a77b3,2026-02-10 08:32:18+00:00,BTCUSDT,37037.279933,3.001745
3cdd076d-b5af-4689-a9c8-6289b4553113,2026-02-10 08:32:24+00:00,BTCUSDT,37038.989952,1.958297
22420655-185e-41af-8dea-4265a33a4613,2026-02-10 08:32:45+00:00,BTCUSDT,37048.477237,1.195511
68ccfe4f-04d3-4bc9-91f2-f92db36cc29a,2026-02-10 08:33:03+00:00,BTCUSDT,37077.922686,2.655524
a5fe9481-9655-4ed2-af90-47358fe09891,2026-02-10 08:33:15+00:00,BTCUSDT,37069.201161,0.344924
b2a5ca99-7380-4945-b93e-501e23e5a0f1,2026-02-10 08:33:39+00:00,BTCUSDT,37065.529202,1.699214
75816578-956c-482a-afbe-be802e30350f,2026-02-10 08:33:57+00:00,BTCUSDT,37059.683906,2.610857
926d8a0a-9828-4a7a-95f9-b1bbb7d27bce,2026-02-10 08:34:15+00:00,BTCUSDT,37064.204737,1.475393
c4959fe5-4e06-4661-aa2d-63b3177ae7cc,2026-02-10 08:34:18+00:00,BTCUSDT,37058.676397,2.428209
8f75651e-7dea-4f29-82ac-3c28245d2659,2026-02-10 08:34:21+00:00,BTCUSDT,37084.303453,1.199312
ebffdb27-8871-483d-92f8-0141c9c10f65,2026-02-10 08:34:39+00:00,BTCUSDT,37058.760987,1.136109
236466ae-d086-4a99-b2a8-272bd59f678f,2026-02-10 08:34:48+00:00,BTCUSDT,37056.917472,2.40042
2173d995-fba3-4105-ab6f-aaecaee23878,2026-02-10 08:35:00+00:00,BTCUSDT,37041.643151,1.594923
b4ee41ed-c1f6-450d-9717-b2a00288ea28,2026-02-10 08:35:09+00:00,BTCUSDT,37049.719535,0.307556
dcda0298-0f7b-4e69-ae64-1b29a1d88fcc,2026-02-10 08:35:12+00:00,BTCUSDT,37074.063083,0.484231
48f8d73b-b639-4ddd-a86d-033029915d7b,2026-02-10 08:35:15+00:00,BTCUSDT,37097.216667,0.271819
0fa6eb6f-c70b-4e61-8a1a-8ffb84836940,2026-02-10 08:35:24+00:00,BTCUSDT,37124.408503,2.839202
9456d18a-268c-420c-a6d1-65a0f2a3398f,2026-02-10 08:35:27+00:00,BTCUSDT,37137.994321,0.913943
7191716e-c5e7-4873-871a-c775306e9ce8,2026-02-10 08:35:36+00:00,BTCUSDT,37130.50396,3.31502
f4743f42-30ec-469f-9780-04a625eb03d6,2026-02-10 08:36:09+00:00,BTCUSDT,37104.528342,1.68008
ca50c248-bfac-4c21-91bf-46b7276a9585,2026-02-10 08:36:15+00:00,BTCUSDT,37078.655734,0.930333
484ff3d4-c82c-4a8e-84af-07264be2ce0a,2026-02-10 08:36:36+00:00,BTCUSDT,37087.86657,1.8694
92a13ad3-c0ef-401f-8074-40aed9e7bbfc,2026-02-10 08:36:45+00:00,BTCUSDT,37114.907973,3.369432
cc1360a8-599d-49c6-8d3b-46adba4c02dd,2026-02-10 08:36:57+00:00,BTCUSDT,37093.43086,1.789156
4ea62248-0a32-4428-9b46-c9eaea99884d,2026-02-10 08:37:54+00:00,BTCUSDT,37103.156906,0.694045
dc894e34-de59-41e0-8b34-6109e9380851,2026-02-10 08:37:57+00:00,BTCUSDT,37125.125639,1.113564
95945f34-d1ee-4a96-8be0-a68d3631c9fb,2026-02-10 08:38:00+00:00,BTCUSDT,37138.987061,2.629268
4c7188c6-a828-47d8-88b0-b5ea1712de48,2026-02-10 08:38:24+00:00,BTCUSDT,37142.220527,2.149251
ec42e147-4b28-431d-aba9-b16c9184f1c0,2026-02-10 08:38:27+00:00,BTCUSDT,37116.856088,2.550542
fef13e51-3db6-4da5-98ef-f5ad773a57c0,2026-02-10 08:38:30+00:00,BTCUSDT,37093.400986,1.711884
6020f1c1-e5a3-438a-a64d-416c0be02242,2026-02-10 08:38:33+00:00,BTCUSDT,37113.977468,2.73818
507fb7c0-724f-4617-a598-b2c280ffca72,2026-02-10 08:39:00+00:00,BTCUSDT,37136.862939,1.712537
b8f18475-f042-46a1-bc56-95773330ce81,2026-02-10 08:39:03+00:00,BTCUSDT,37160.949531,1.644817
8d97677c-1c6a-42de-9cdd-a3bc4b2c57af,2026-02-10 08:39:12+00:00,BTCUSDT,37140.35989,1.977932
11aaf293-114b-442e-a5d4-0b92f03f7d74,2026-02-10 08:39:15+00:00,BTCUSDT,37114.236171,2.12934
a4aefabb-87a7-4fbf-b217-f0202d36f165,2026-02-10 08:39:48+00:00,BTCUSDT,37139.024498,2.957831
071b41bc-7979-4b7e-88e8-a0af0a2d02e6,2026-02-10 08:39:51+00:00,BTCUSDT,37152.155794,1.945761
8c416577-3585-40b7-b172-273ed1ae2750,2026-02-10 08:40:06+00:00,BTCUSDT,37138.182627,0.748125
128e0bc0-d502-4808-a3cb-90f0cdfbdbc5,2026-02-10 08:40:12+00:00,BTCUSDT,37162.484204,1.234287
d615a2b6-e5b1-498a-8ca6-8126f938584a,2026-02-10 08:40:18+00:00,BTCUSDT,37154.316725,1.103793
2114defc-5504-4359-8a49-dad31f4b20b2,2026-02-10 08:40:33+00:00,BTCUSDT,37156.013736,1.87231
a7cd82a4-d327-4860-bee2-6d2b46b6b697,2026-02-10 08:40:36+00:00,BTCUSDT,37146.245027,1.950303
211ea660-b8b4-49a1-9f0f-f8576931be5f,2026-02-10 08:40:42+00:00,BTCUSDT,37173.275863,3.133594
f76d6aa4-5d50-4772-9100-ba93f6284e5e,2026-02-10 08:40:51+00:00,BTCUSDT,37187.174147,4.186213
5228a666-2977-4f76-bd44-309cb344ac79,2026-02-10 08:40:57+00:00,BTCUSDT,37159.248392,2.965352
ebfb0ef7-d317-47ec-b533-a50db77b3631,2026-02-10 08:41:03+00:00,BTCUSDT,37134.403632,1.46499
be6c6d77-605f-4f45-bafe-6d2d9cd45939,2026-02-10 08:41:06+00:00,BTCUSDT,37131.20547,1.425992
0f9f9604-4af2-4b19-81c1-91daea8ae45c,2026-02-10 08:41:30+00:00,BTCUSDT,37153.937251,1.687012
d51f1844-1135-4c08-8baf-4eaf468b02e1,2026-02-10 08:41:33+00:00,BTCUSDT,37136.568541,4.264909
24ffe575-c08b-4e75-b587-a9e22c7ef832,2026-02-10 08:41:39+00:00,BTCUSDT,37130.757622,3.243666
8bd4e741-8074-44bc-83e1-4e6d08b782dd,2026-02-10 08:41:45+00:00,BTCUSDT,37140.366463,1.72647
6d8eacd3-b18c-47a4-b298-27e7174a0663,2026-02-10 08:42:00+00:00,BTCUSDT,37123.568849,1.659683
c3cf8edd-1763-4daa-bd5a-4bf962fd5cb7,2026-02-10 08:42:24+00:00,BTCUSDT,37150.980738,4.131779
a314c14a-913c-443c-8e4b-39eb00646c38,2026-02-10 08:42:30+00:00,BTCUSDT,37174.503719,3.719735
1aa04056-4d68-4f73-ad56-308adcfab241,2026-02-10 08:42:54+00:00,BTCUSDT,37194.2839,2.322142
c48edef6-aedf-4c87-a59a-bd02042284e5,2026-02-10 08:43:09+00:00,BTCUSDT,37183.541117,3.09646
342fab9b-a64d-4e5e-badb-9420e079e3b7,2026-02-10 08:43:21+00:00,BTCUSDT,37181.495403,3.173856
6b2192ab-1f11-4231-8e3d-91926110979c,2026-02-10 08:43:24+00:00,BTCUSDT,37189.641963,2.665253
d438cea4-5a93-4b70-8734-148879c26b8b,2026-02-10 08:43:36+00:00,BTCUSDT,37174.625865,0.0
73e15812-b83f-41e9-93aa-365631f85720,2026-02-10 08:43:45+00:00,BTCUSDT,37149.781754,1.98818
fc3056d0-b6e3-411f-a76c-88311ca1a20d,2026-02-10 08:44:03+00:00,BTCUSDT,37125.418971,3.153999
071c33d9-d438-4f3b-b87b-53daf2c89bfe,2026-02-10 08:44:06+00:00,BTCUSDT,37152.013005,3.377052
bd2ded10-4d01-4d51-ba7a-243a0687cc88,2026-02-10 08:44:12+00:00,BTCUSDT,37177.249633,0.427848
4623857b-d05f-4593-85b9-5dd2b48cf8f0,2026-02-10 08:44:21+00:00,BTCUSDT,37165.27173,4.004065
b062fab4-787e-4776-87a7-41e7f9fe2534,2026-02-10 08:44:24+00:00,BTCUSDT,37183.950368,1.712184
d1b0c761-9400-48d2-ae4c-c88370bc2975,2026-02-10 08:44:27+00:00,BTCUSDT,37168.653447,0.947492
533256b9-b8ec-49bd-84da-e541727af5d4,2026-02-10 08:44:30+00:00,BTCUSDT,37148.915168,0.0
37ea179b-b481-4eef-a27b-9cdaa001ef28,2026-02-10 08:44:39+00:00,BTCUSDT,37154.587758,2.960783
c025dd1c-e5ad-463a-aceb-5d683e7211fe,2026-02-10 08:44:48+00:00,BTCUSDT,37178.595635,0.496152
a3fefd90-3895-446f-9901-68fc2e5f66fa,2026-02-10 08:45:09+00:00,BTCUSDT,37174.811612,1.572673
a4b22561-3262-4861-ad07-5cd8e6fb5d13,2026-02-10 08:45:18+00:00,BTCUSDT,37199.414047,0.393123
b8f07c1a-0dc8-46d9-88ef-ff1a699d3773,2026-02-10 08:45:24+00:00,BTCUSDT,37222.484698,3.76602
223f9de7-deab-456f-aa69-ea8eb7242997,2026-02-10 08:45:33+00:00,BTCUSDT,37230.894844,1.519501
8167b910-8beb-4914-b701-00452ad454ab,2026-02-10 08:45:39+00:00,BTCUSDT,37237.211224,0.0
307d0646-cfb1-4347-b841-fd69ba6a23a0,2026-02-10 08:45:57+00:00,BTCUSDT,37257.288017,4.648536
4f7fe6ff-aa70-4f5d-88e8-bae4c0b23672,2026-02-10 08:46:15+00:00,BTCUSDT,37259.024663,0.978792
8a42e0e4-00f5-4d64-85b2-d1efd28f981a,2026-02-10 08:46:36+00:00,BTCUSDT,37285.853323,3.050095
e0340b93-67db-4078-a7ad-3fecfb2acb3f,2026-02-10 08:46:45+00:00,BTCUSDT,37311.615658,2.524539
83fd9a29-a8b2-4a9f-b03e-18be07837cee,2026-02-10 08:47:24+00:00,BTCUSDT,37286.755012,2.558557
dfd686e5-75b5-454f-b0fb-f1b30451bfdf,2026-02-10 08:47:30+00:00,BTCUSDT,37314.188996,1.471495
722d605d-4263-4a86-8c09-eaa57f0eb5fe,2026-02-10 08:48:00+00:00,BTCUSDT,37302.53658,1.606677
4664ab2e-c5dc-4e03-9daf-6c5abd0f4269,2026-02-10 08:48:15+00:00,BTCUSDT,37278.999588,2.572774
2aa77737-4e45-42c2-9a5b-c27c445d333a,2026-02-10 08:48:27+00:00,BTCUSDT,37251.251474,0.0
2fa88fd6-1eb0-4a18-aee7-c5d6760b3d47,2026-02-10 08:48:33+00:00,BTCUSDT,37237.758495,0.961689
dc1ea7f9-c675-4959-8293-d50a16339c79,2026-02-10 08:48:36+00:00,BTCUSDT,37219.267425,1.761139
d85787da-e76c-4407-b309-89c540a702ba,2026-02-10 08:48:54+00:00,BTCUSDT,37261.740577,1.443578
62945a23-c847-40db-9c56-582bdf72dc6e,2026-02-10 08:49:06+00:00,BTCUSDT,37278.925136,2.949195
37a948c5-a79b-4806-b71c-1a9b9c410179,2026-02-10 08:49:09+00:00,BTCUSDT,37264.156725,1.817679
6c71d457-cd6b-4bf4-a29b-bc5bf3c30f47,2026-02-10 08:49:36+00:00,BTCUSDT,37272.627592,1.558215
bc2881a5-284e-409f-8901-61929ac59aad,2026-02-10 08:49:48+00:00,BTCUSDT,37267.236205,2.215822
7916987b-059a-442f-a066-bcfdca713674,2026-02-10 08:50:09+00:00,BTCUSDT,37237.52251,1.555205
c10fd8ac-9898-4cb2-b345-6dd80bf4c05a,2026-02-10 08:50:15+00:00,BTCUSDT,37221.811243,2.406783
0027ea49-d43e-45ee-959d-e8386c7c4e39,2026-02-10 08:50:30+00:00,BTCUSDT,37206.437546,0.950164
f910ba9b-cc20-413c-955b-33ec2af73888,2026-02-10 08:51:03+00:00,BTCUSDT,37204.905851,1.664131
7e8088b1-375d-4202-afd3-6d094a93aa7b,2026-02-10 08:51:15+00:00,BTCUSDT,37181.705795,2.649735
36b0cb93-051d-496c-883e-515b6f7949bd,2026-02-10 08:51:45+00:00,BTCUSDT,37204.177035,1.943491
018e82f9-7251-4d57-a512-ceb1a1abc6f0,2026-02-10 08:52:48+00:00,BTCUSDT,37227.028045,0.884066
fa49b75f-bdb3-4567-84fe-7657fae02d79,2026-02-10 08:52:51+00:00,BTCUSDT,37238.83738,1.690789
97225f5e-1bc5-4978-b0ba-85cf09728cd9,2026-02-10 08:53:06+00:00,BTCUSDT,37245.221975,2.755012
40cdc080-bb90-4610-b1da-6cb57e0be29e,2026-02-10 08:53:21+00:00,BTCUSDT,37259.540945,3.930371
15ddd480-a36a-458b-91e9-7583acca1c7f,2026-02-10 08:53:33+00:00,BTCUSDT,37274.745803,2.267411
83fcae8f-e214-49ec-8b4b-1039e35a77ab,2026-02-10 08:53:42+00:00,BTCUSDT,37248.245684,1.89615
1f5fb58c-6a2f-4fbe-9223-6af020597a55,2026-02-10 08:53:48+00:00,BTCUSDT,37269.814712,1.375446
dd700b20-d14d-4737-b536-a367873e04ce,2026-02-10 08:53:51+00:00,BTCUSDT,37280.113592,2.668952
041341ae-0b9b-4caa-8f6e-41beacdc63dc,2026-02-10 08:53:54+00:00,BTCUSDT,37278.033727,2.198047
09bfac5b-47d6-4846-85f6-6126b59532e3,2026-02-10 08:54:03+00:00,BTCUSDT,37262.871109,2.342112
f638607b-c9ab-4e20-9965-9a539b66b5c5,2026-02-10 08:54:06+00:00,BTCUSDT,37270.00064,1.784559
cc41ca5d-be8a-437f-821f-93622764c298,2026-02-10 08:54:12+00:00,BTCUSDT,37255.416232,3.104242
fd60ec0d-b409-446f-9a87-4ebc512d3e63,2026-02-10 08:54:18+00:00,BTCUSDT,37272.197287,3.479026
6a83e807-0fdf-4033-8b0a-f0448973a7ce,2026-02-10 08:54:33+00:00,BTCUSDT,37288.609837,1.234435
b7ca79f1-6876-4402-85f1-d5ee58ea9793,2026-02-10 08:54:57+00:00,BTCUSDT,37317.729102,2.150168
75e24e25-87c7-4e5a-9e86-790bac8ce42c,2026-02-10 08:55:18+00:00,BTCUSDT,37321.795059,2.364363
69951bf6-fcb3-49ff-a5f6-31a779edaf8a,2026-02-10 08:55:24+00:00,BTCUSDT,37304.809656,2.220003
b6d80a78-16ee-4f38-a9a4-60bd96f1edc9,2026-02-10 08:55:27+00:00,BTCUSDT,37296.877025,2.207476
496440a3-38ee-44dd-a422-3ef7aff8ebde,2026-02-10 08:55:33+00:00,BTCUSDT,37308.000005,2.095568
66a3f2e1-768a-4e06-b8c5-ed8a3b39953f,2026-02-10 08:55:45+00:00,BTCUSDT,37289.93424,0.971176
f41e356f-86ac-4712-943c-1612b82e6d71,2026-02-10 08:55:48+00:00,BTCUSDT,37305.249699,0.613464
8d57c4b8-afa5-4089-b17c-840ef77f7c99,2026-02-10 08:56:12+00:00,BTCUSDT,37333.692727,2.516086
a2cb5b0c-7cd3-413b-b49a-1319831556e4,2026-02-10 08:56:21+00:00,BTCUSDT,37305.642343,1.514164
3689a52a-0976-4842-a83c-e1cb7b23d8de,2026-02-10 08:56:39+00:00,BTCUSDT,37283.619204,0.145725
0dd252f3-7ba2-41a3-bb7f-ac875535d6e2,2026-02-10 08:56:45+00:00,BTCUSDT,37309.723631,1.822268
28dabc04-d688-46cc-91f7-2f671bc39e6e,2026-02-10 08:56:48+00:00,BTCUSDT,37295.277546,2.526151
465629fd-c703-4a7e-a525-691f8a0228c4,2026-02-10 08:56:54+00:00,BTCUSDT,37314.269041,3.106032
c9fae6ca-e232-4b67-8259-f965c6eeeb1f,2026-02-10 08:56:57+00:00,BTCUSDT,37314.469732,0.570606
0c3c5d72-6dc3-470b-b8b2-7b1a922c4151,2026-02-10 08:57:03+00:00,BTCUSDT,37300.423405,1.184101
ca9f167a-ad6b-4102-91b7-6c4fea8c08ec,2026-02-10 08:57:15+00:00,BTCUSDT,37311.984153,1.129425
60ad43da-0e46-431a-8b36-c997cbc22748,2026-02-10 08:57:24+00:00,BTCUSDT,37290.614831,3.185911
9c8219d1-6d4d-4461-80a4-2edf035f8236,2026-02-10 08:57:27+00:00,BTCUSDT,37264.25698,3.829247
b30cbc94-0081-4b1a-9566-644eeabfd1d2,2026-02-10 08:57:33+00:00,BTCUSDT,37286.504072,3.080438
85734733-288c-4f06-998a-af5fbbcf7185,2026-02-10 08:58:00+00:00,BTCUSDT,37268.659419,2.550519
debb78a9-6070-4832-8db2-2fa1e1cfec2b,2026-02-10 08:58:06+00:00,BTCUSDT,37261.355002,2.167847
f8150c3f-1bf5-4696-95af-5a708dfabe0c,2026-02-10 08:58:21+00:00,BTCUSDT,37289.745208,1.70877
a3602fb3-c93c-4eaa-8fce-6197314f222d,2026-02-10 08:58:27+00:00,BTCUSDT,37278.852815,1.348272
7f5f8987-1fef-4a9b-aa2f-9c4d99a326f2,2026-02-10 08:58:39+00:00,BTCUSDT,37287.91744,0.559538
f34ec1d9-2d09-48a2-b22e-f8ce09ff9298,2026-02-10 08:58:42+00:00,BTCUSDT,37281.379188,2.960863
7bcb86e2-44fc-42db-98f8-7eb1736479ba,2026-02-10 08:58:57+00:00,BTCUSDT,37291.372511,0.689405
bc6e72bb-0156-4796-b348-3c63256b0785,2026-02-10 08:59:00+00:00,BTCUSDT,37317.92636,2.102383
ce00d81b-0392-4be0-8a39-db995aae6228,2026-02-10 08:59:42+00:00,BTCUSDT,37332.897025,3.327325
00bc7a27-27e9-4aba-85e1-e686b115f8b6,2026-02-10 09:00:00+00:00,BTCUSDT,41790.642694,0.605454
ec16dced-e490-495a-b5c2-041865b86d87,2026-02-10 09:00:18+00:00,BTCUSDT,41770.986283,1.538527
e8145189-66b9-43a9-8f77-8403f15b3a7a,2026-02-10 09:00:27+00:00,BTCUSDT,41747.23515,2.777688
3855f616-327e-4597-b67b-3c1027ef4236,2026-02-10 09:00:36+00:00,BTCUSDT,41715.883242,2.599622
1d98f974-c379-4bb2-9247-45929fe0a02d,2026-02-10 09:00:42+00:00,BTCUSDT,41695.335637,2.05428
2b96310e-e35e-463d-89ec-886581b61d06,2026-02-10 09:01:18+00:00,BTCUSDT,41676.326627,3.079219
f44fccf3-2087-4549-b262-4c455af5e487,2026-02-10 09:01:30+00:00,BTCUSDT,41667.084323,1.775442
94f47bc8-f121-4649-9c67-2740f522038b,2026-02-10 09:02:06+00:00,BTCUSDT,41640.895306,2.665747
3bd381da-887e-4353-bbc9-5c1f86295e34,2026-02-10 09:02:48+00:00,BTCUSDT,41667.080964,4.738054
16dcd118-1b6d-4623-b9b2-2bccc654d0e3,2026-02-10 09:02:57+00:00,BTCUSDT,41660.377544,1.084197
c8a04a7a-a764-44e6-aa87-bfb098b06e41,2026-02-10 09:03:00+00:00,BTCUSDT,41638.10331,2.462722
6b5ac055-3d06-47a2-b323-d423e6d7f588,2026-02-10 09:03:09+00:00,BTCUSDT,416197.35823,2.430578
f4a198d4-6f04-47a3-a3e5-3bdec3e6cc1b,2026-02-10 09:03:21+00:00,BTCUSDT,41619.958175,2.86566
72b4defc-7120-475f-8983-cd486fa1dcf1,2026-02-10 09:03:27+00:00,BTCUSDT,41618.712218,1.041119
3c683079-6e53-44cf-a7cd-bafaa3a072f4,2026-02-10 09:03:39+00:00,BTCUSDT,41641.112569,1.779316
cd126875-90fe-46f8-b162-d4876a41f628,2026-02-10 09:03:57+00:00,BTCUSDT,41619.629372,2.203575
c4c6157f-c316-4f71-a94b-df361f7e9f1e,2026-02-10 09:04:09+00:00,BTCUSDT,41620.586307,2.16164
54f8a97b-cdc1-454e-8e8d-0d14caf920f5,2026-02-10 09:04:12+00:00,BTCUSDT,41592.086918,0.536416
44338897-ce47-4974-9071-897486d6685f,2026-02-10 09:04:15+00:00,BTCUSDT,41604.405628,1.187852
db182f28-6882-4c30-81a9-599486398ce8,2026-02-10 09:04:27+00:00,BTCUSDT,41592.313725,2.418135
5c264f61-1e96-44c9-a115-79dfbfb478c5,2026-02-10 09:04:33+00:00,BTCUSDT,41563.988175,2.751945
d1e7a8d0-91fc-408b-9f78-2ecfde6b6435,2026-02-10 09:04:51+00:00,BTCUSDT,41539.26065,0.439517
91356d63-c233-419a-be16-1cf7ac3d08b8,2026-02-10 09:05:06+00:00,BTCUSDT,41516.673172,1.973428
b2486e88-5edb-4f8a-9db0-9e32af764b64,2026-02-10 09:05:18+00:00,BTCUSDT,41488.464185,1.834913
ce1b87c8-b1fb-44fa-bcb3-c5743b1b53d9,2026-02-10 09:05:21+00:00,BTCUSDT,41473.437361,0.524563
28573bd0-7317-4443-be5c-304bd338385f,2026-02-10 09:05:39+00:00,BTCUSDT,41462.622889,4.029308
63e8a27e-dd06-401b-9196-c391c020008f,2026-02-10 09:05:54+00:00,BTCUSDT,41464.78522,1.195989
b6751bd0-f7e5-40b6-a365-c2fd5dedb990,2026-02-10 09:06:03+00:00,BTCUSDT,41452.828363,2.008508
08158cda-0ae6-45ec-9df2-c1b1c263465d,2026-02-10 09:06:15+00:00,BTCUSDT,41447.739953,2.845363
6787dbb7-ec35-4a6b-be78-1c7cb3e419db,2026-02-10 09:06:30+00:00,BTCUSDT,41473.311533,3.280126
23e8ac57-b12a-4547-8b72-f040a5384d52,2026-02-10 09:06:33+00:00,BTCUSDT,41446.112692,2.015913
d734b19f-1fd3-493f-a45d-3598da05c88b,2026-02-10 09:06:42+00:00,BTCUSDT,41426.668003,3.104909
20130269-ae4f-4764-96e8-6e7ccbffdd9b,2026-02-10 09:06:57+00:00,BTCUSDT,41404.266071,2.58027
008c6ab6-0d7e-44af-ac3f-236f10f5140c,2026-02-10 09:07:03+00:00,BTCUSDT,41430.172887,2.690689
40666792-e3a4-4535-bfc1-e723fe4361f5,2026-02-10 09:07:12+00:00,BTCUSDT,41457.193582,2.72508
3501d40b-1863-487d-9a16-1db9a2312cf0,2026-02-10 09:07:15+00:00,BTCUSDT,41430.205156,2.402825
3eb7075c-4e98-4cce-8cee-33306075b8a1,2026-02-10 09:07:36+00:00,BTCUSDT,41458.383221,2.010602
3e4e3b7e-8e2f-4ce3-a89f-db33033040bb,2026-02-10 09:07:54+00:00,BTCUSDT,41464.887441,2.31826
627239a1-51d9-470d-9e89-1770aee7f48a,2026-02-10 09:08:03+00:00,BTCUSDT,41492.735382,3.055274
8f47cacd-7a5f-4a1c-bff4-f8962d521475,2026-02-10 09:08:12+00:00,BTCUSDT,41510.781479,3.074194
f8fbebcf-7871-4de2-b9c2-df8ff607a086,2026-02-10 09:08:21+00:00,BTCUSDT,41510.5492,2.453624
b22410ac-2652-4054-9c22-b8723f03656f,2026-02-10 09:08:33+00:00,BTCUSDT,41509.333592,0.0
b939abe3-88fd-49d3-9dc1-0be174e01886,2026-02-10 09:08:39+00:00,BTCUSDT,41521.913489,2.733301
8fb86f83-6fe2-41a2-8475-3920238154f9,2026-02-10 09:09:00+00:00,BTCUSDT,41521.740297,1.058732
a7623968-18e7-46b8-9c12-d36daafcbaf0,2026-02-10 09:09:03+00:00,BTCUSDT,41522.799344,2.035873
92868ff0-48de-4256-ad65-07f687437518,2026-02-10 09:09:15+00:00,BTCUSDT,41542.810357,2.220722
277fcf2d-ec4a-48be-8f79-7182c81c5bed,2026-02-10 09:09:27+00:00,BTCUSDT,41563.402494,1.615442
aca9de24-2276-40a6-b0b0-e5dc25f2a89e,2026-02-10 09:09:33+00:00,BTCUSDT,41578.286336,1.216849
4fdc701e-e97f-4106-89f4-8e0d69dcc921,2026-02-10 09:09:36+00:00,BTCUSDT,41605.045272,2.804461
fcdec5b3-ae45-423b-8d8c-5604c7fcee57,2026-02-10 09:10:09+00:00,BTCUSDT,41605.856282,2.000481
5664b438-f15f-4267-939e-abadeb675cd8,2026-02-10 09:10:27+00:00,BTCUSDT,41613.796286,2.513658
43889ff2-1f0c-42c7-9d4f-9be428d0ee80,2026-02-10 09:10:36+00:00,BTCUSDT,41612.770932,0.709289
97d963cd-bf00-4cbe-826d-9b9d3bc0cc54,2026-02-10 09:10:39+00:00,BTCUSDT,41582.068408,1.009588
37c989f3-5a54-417f-a1a6-42b6ffe4ce80,2026-02-10 09:11:15+00:00,BTCUSDT,41580.223211,1.311138
47657ae0-2a94-4dab-8cc4-16710c693942,2026-02-10 09:11:33+00:00,BTCUSDT,41567.765483,0.683454
85df350f-eebc-45d8-a28e-2ceb6ec8aa88,2026-02-10 09:12:00+00:00,BTCUSDT,41587.064733,2.016592
feafc164-8da7-4198-a92e-f583073a8a2f,2026-02-10 09:12:03+00:00,BTCUSDT,41556.945296,1.380311
9b75f8e0-ba7e-4620-8e62-b48367df7dc0,2026-02-10 09:12:06+00:00,BTCUSDT,41557.904714,1.451789
930b1678-8588-4dd0-8a8f-4f18747cda02,2026-02-10 09:12:27+00:00,BTCUSDT,41544.214567,2.745841
4be80271-4db7-49d2-b91d-606075bfbf7b,2026-02-10 09:12:36+00:00,BTCUSDT,41517.660328,0.0
eebd9484-92d2-4cec-84d6-9fe78d3c0562,2026-02-10 09:12:39+00:00,BTCUSDT,41502.793368,0.276885
511b034a-f83e-4b5e-a112-9df918054391,2026-02-10 09:12:45+00:00,BTCUSDT,41505.248812,1.453496
b5c5ed46-e32f-46c5-a044-d0e7dc5544e7,2026-02-10 09:12:54+00:00,BTCUSDT,41501.919741,3.612461
d26b2773-b2ab-48fd-9e6f-f6ea58679fe8,2026-02-10 09:13:06+00:00,BTCUSDT,41496.763052,1.678949
fcd388cd-0a65-461e-9c44-b6f79fd19bc8,2026-02-10 09:13:30+00:00,BTCUSDT,41519.295513,0.850549
4f5bb7ad-9e5b-4775-a141-068b5139dc78,2026-02-10 09:13:33+00:00,BTCUSDT,41523.588135,1.18006
b9e0a432-d6a4-4922-b884-9680c021110d,2026-02-10 09:13:51+00:00,BTCUSDT,41554.457133,1.283376
2eaaa533-273a-4280-921b-54c43582e763,2026-02-10 09:14:03+00:00,BTCUSDT,41585.342985,1.681516
11e7a91f-dfe8-41de-bd7a-7a6e2848f4de,2026-02-10 09:14:12+00:00,BTCUSDT,41574.724807,3.421889
3bc90d29-6457-4712-bc43-981ceda37928,2026-02-10 09:14:21+00:00,BTCUSDT,41598.674445,1.065565
6a4ef79f-1747-419f-bddb-02c9d37f152b,2026-02-10 09:14:30+00:00,BTCUSDT,41609.127856,2.294674
310973f9-f2d2-48a8-9ee8-99ec66426ac0,2026-02-10 09:14:33+00:00,BTCUSDT,41608.042001,2.797977
ee4d6fb4-cb13-4518-83a4-58be902e02c0,2026-02-10 09:14:39+00:00,BTCUSDT,41640.060391,0.081021
d48f4bd0-b739-4cf5-938f-f56c4a846f90,2026-02-10 09:14:51+00:00,BTCUSDT,41637.144832,3.727206
bc3d0b1a-19ba-4d71-b04f-dec16d117af1,2026-02-10 09:15:15+00:00,BTCUSDT,41644.704875,3.625224
f2af0319-839e-4319-ae1c-f465d871e108,2026-02-10 09:15:30+00:00,BTCUSDT,41650.335306,0.0
53b01ea6-cf31-4ce1-8450-7864ea4ecd17,2026-02-10 09:15:42+00:00,BTCUSDT,41663.56392,1.136213
74dd2522-74d8-42f7-945b-d76a629c6600,2026-02-10 09:15:57+00:00,BTCUSDT,41633.21493,3.099069
b434f8ef-6ff9-44dd-820c-68f3bf85a077,2026-02-10 09:16:18+00:00,BTCUSDT,41620.508834,1.324507
31e1b129-ff9b-4c0f-8694-dd727c0ee736,2026-02-10 09:16:30+00:00,BTCUSDT,41636.17676,3.190182
868d1f0f-aeaa-48d6-8fbd-41f67c7030a5,2026-02-10 09:16:45+00:00,BTCUSDT,41606.336313,0.570068
675e1052-33cc-4e7e-bd84-bfe23e9b6595,2026-02-10 09:17:18+00:00,BTCUSDT,41634.665182,3.011321
474e8be1-4563-4753-b705-1c1bee8d16e4,2026-02-10 09:17:21+00:00,BTCUSDT,41615.664054,2.03664
ac8c5946-354a-41ae-aec9-183b1dbd24c2,2026-02-10 09:17:36+00:00,BTCUSDT,41605.11524,1.913056
f5e39c4c-7cdc-4bc2-9f65-f108b49ac586,2026-02-10 09:17:48+00:00,BTCUSDT,41635.389547,1.668323
ee497a10-0a8a-46c2-a68a-3b8a2c45a6ea,2026-02-10 09:18:30+00:00,BTCUSDT,41646.193947,2.197495
e0d42a20-762c-43e6-a6a8-a6b613ae17cd,2026-02-10 09:18:42+00:00,BTCUSDT,41651.53837,1.288693
c85f93e1-c4fd-4ce6-ae19-76518d89a816,2026-02-10 09:18:54+00:00,BTCUSDT,41630.664103,2.294395
478dc1ef-856f-4d08-a83b-260fc90bc161,2026-02-10 09:18:57+00:00,BTCUSDT,41646.189905,2.746829
3c7b15e8-1540-4407-8005-42db12c83124,2026-02-10 09:19:00+00:00,BTCUSDT,41645.230157,0.828938
30eb6ddd-7aeb-46d4-9aa1-52ca2d5a4441,2026-02-10 09:19:03+00:00,BTCUSDT,41612.472586,2.309635
0e73c98f-cd3c-4ace-8727-68111766253e,2026-02-10 09:19:06+00:00,BTCUSDT,41609.908945,3.122153
6ae0f8b5-f84b-41ff-9875-d540345e0106,2026-02-10 09:19:27+00:00,BTCUSDT,41599.211716,2.346503
94a086ba-7d58-43a7-b46d-1ac548b8e8b2,2026-02-10 09:19:48+00:00,BTCUSDT,41609.23883,2.941618
b07be9d8-3ef7-4052-97ff-d15fab373b4e,2026-02-10 09:20:03+00:00,BTCUSDT,41627.194621,3.71351
0b875d83-9b6d-4217-a021-6a21bcf280f6,2026-02-10 09:20:09+00:00,BTCUSDT,41657.139495,1.577099
7e2ff52b-640a-4b88-81cc-29559b56ecbf,2026-02-10 09:20:12+00:00,BTCUSDT,41662.072343,3.155805
43dcc05b-3626-49dd-b742-d5a31ee2c9ee,2026-02-10 09:20:39+00:00,BTCUSDT,41667.868522,3.058828
69d7d144-0d2a-4141-9c0e-8603be361a1d,2026-02-10 09:20:45+00:00,BTCUSDT,41675.524391,2.05299
bd66d6f9-4ac8-4229-ac43-9d52c6edb88f,2026-02-10 09:20:54+00:00,BTCUSDT,41667.299454,4.208783
4445e079-798b-4892-b0c8-fe6066872953,2026-02-10 09:21:03+00:00,BTCUSDT,41669.246562,1.165935
082abdcf-4e20-4b04-88df-42537e128092,2026-02-10 09:21:06+00:00,BTCUSDT,41644.933694,1.608986
1ad8a370-1a20-4df6-8080-f99cf02f06eb,2026-02-10 09:21:30+00:00,BTCUSDT,41627.786901,2.003178
54518e48-e93b-4d5d-be80-5b894a143af4,2026-02-10 09:21:45+00:00,BTCUSDT,41649.917379,4.023966
1c328300-7915-49f2-b578-e131c5dd51de,2026-02-10 09:22:00+00:00,BTCUSDT,41678.96832,0.759399
0b3f58e2-9cfa-4b67-a64f-a8bc0a573a28,2026-02-10 09:22:06+00:00,BTCUSDT,41687.052009,2.304231
324b5e23-6223-49f5-adeb-732cba727308,2026-02-10 09:22:09+00:00,BTCUSDT,41715.382211,1.922115
57125537-963e-4949-a6e2-3fad1e30904c,2026-02-10 09:22:12+00:00,BTCUSDT,41732.083231,1.91134
3690c2bb-747c-4894-9b9e-07e44a7722df,2026-02-10 09:22:18+00:00,BTCUSDT,41702.068985,2.600394
681a022d-4cd2-482d-95ea-0007cbde7c60,2026-02-10 09:23:06+00:00,BTCUSDT,41719.883568,1.519944
623b8d90-a9d9-42c1-9447-176e26b9beb8,2026-02-10 09:23:12+00:00,BTCUSDT,41698.333288,2.875003
2879dcf4-b40e-44de-95ed-8cecbef4747e,2026-02-10 09:23:15+00:00,BTCUSDT,41690.594714,1.155456
0a9c3ab2-62d8-4696-8480-67f952a817d4,2026-02-10 09:23:36+00:00,BTCUSDT,41687.555902,3.212801
8e80cf59-1d4c-4494-bfff-387b9ccf2926,2026-02-10 09:23:39+00:00,BTCUSDT,41719.448437,0.987569
727fe36f-a9cf-4caf-97fb-805ef88f42a4,2026-02-10 09:24:12+00:00,BTCUSDT,41716.304046,0.0
7b294878-4034-43ae-92fc-5b58ef60153d,2026-02-10 09:24:27+00:00,BTCUSDT,41742.083756,2.490036
a81f04d8-77e4-4ea0-9977-5590d2cf18fc,2026-02-10 09:24:36+00:00,BTCUSDT,41727.503892,1.048942
fe197262-f54c-4fac-bc8b-db7f0b96a288,2026-02-10 09:24:45+00:00,BTCUSDT,41745.037753,1.768573
b296f67e-05d9-4ff0-9105-4a0f4ef72b9a,2026-02-10 09:25:09+00:00,BTCUSDT,41740.012385,3.137426
4f614c0c-21a7-4b93-a9ad-dd1b764cd282,2026-02-10 09:25:15+00:00,BTCUSDT,41727.730049,1.722053
f239147a-521c-47f6-8a2f-22994d92989e,2026-02-10 09:25:30+00:00,BTCUSDT,41725.677874,1.068914
49d074f2-14c3-4848-ab3e-4c5b693bbaea,2026-02-10 09:25:36+00:00,BTCUSDT,41725.621506,2.15037
75369f68-93ff-43af-84fc-b3d9c861196f,2026-02-10 09:25:48+00:00,BTCUSDT,41727.611805,2.786912
c95d8b0f-d6f0-4cb6-b5f2-02b7f46ac6ed,2026-02-10 09:25:51+00:00,BTCUSDT,41706.281259,0.286234
7f42a7ff-88a3-4f2b-a83b-d291c09bab9c,2026-02-10 09:26:03+00:00,BTCUSDT,41688.102486,0.505773
7f66f7cb-4080-43bb-b340-1ca6ac11c6b3,2026-02-10 09:26:12+00:00,BTCUSDT,41687.394068,2.658309
b1055b3c-ad77-475b-980a-27c5684cbf7c,2026-02-10 09:26:15+00:00,BTCUSDT,41702.07524,0.0
c0058653-9300-4015-8d87-0c613c88e28d,2026-02-10 09:26:18+00:00,BTCUSDT,41720.542563,2.873901
aa360ad4-d6a7-4f1b-a904-049f881cfc30,2026-02-10 09:27:03+00:00,BTCUSDT,41743.067936,0.522291
5075cac4-6e1d-4b60-85a8-d0cc4286639a,2026-02-10 09:27:09+00:00,BTCUSDT,41767.713808,2.614463
1dcfbaa0-6d52-44e8-a51b-2d8d266f5c68,2026-02-10 09:27:15+00:00,BTCUSDT,41783.591662,1.034414
60ea5e38-d4c6-486e-81a7-8580eaca3d0a,2026-02-10 09:27:27+00:00,BTCUSDT,41766.851351,2.784864
e1cdc050-791a-4810-a0b9-d865a6d3c618,2026-02-10 09:27:33+00:00,BTCUSDT,41784.842576,1.325478
ef9bf29e-6ad4-45a2-be7d-2091501edabf,2026-02-10 09:27:42+00:00,BTCUSDT,41758.150995,2.949072
5d302e28-7a32-4c6c-96fc-f3e6bacce7cb,2026-02-10 09:29:06+00:00,BTCUSDT,41756.387313,2.826135
80c113de-e7ba-437b-ab85-566d8c688df9,2026-02-10 09:29:45+00:00,BTCUSDT,41736.819715,0.236291
ea03329b-06cd-496d-bb6f-90df4f6f64d0,2026-02-10 09:30:03+00:00,BTCUSDT,41755.91171,1.708138
62983f9d-b4e0-42a4-99ab-869af593aca7,2026-02-10 09:30:06+00:00,BTCUSDT,41743.565753,0.440236
4acef568-3d86-42b4-b185-09b006e0caf8,2026-02-10 09:30:09+00:00,BTCUSDT,41736.359615,2.165436
bd03b571-6996-449b-9a9e-270b61bdffa8,2026-02-10 09:30:12+00:00,BTCUSDT,41708.946622,3.028431
0b4337fb-5988-4a32-9f47-b671af11b8bb,2026-02-10 09:30:30+00:00,BTCUSDT,41687.751829,3.33401
ffe3a6c7-791b-4f41-84ee-be2f4d3a2408,2026-02-10 09:30:36+00:00,BTCUSDT,41699.494057,2.872519
113d4c08-a2a0-4691-bf3a-9d0671cfeafe,2026-02-10 09:30:54+00:00,BTCUSDT,41690.300583,2.501296
75303bf5-b750-45da-93c4-b11d61149d25,2026-02-10 09:31:09+00:00,BTCUSDT,41696.335089,1.91896
e957c7cd-e739-4ae2-b49e-a9886691fcbb,2026-02-10 09:31:36+00:00,BTCUSDT,41726.995048,3.04641
3313ab7e-6a1a-4542-b386-2f1e97c07adf,2026-02-10 09:31:42+00:00,BTCUSDT,41759.748257,2.17242
bb415815-c7eb-4c38-a323-9a0fc4947fb2,2026-02-10 09:31:54+00:00,BTCUSDT,41736.122542,2.181818
b62de48d-23c7-4a7a-996b-844bf116a83f,2026-02-10 09:32:00+00:00,BTCUSDT,41718.134499,3.002954
14a7498a-6a24-48bc-ad9c-5d4afc43bd2b,2026-02-10 09:32:03+00:00,BTCUSDT,41725.35252,0.398421
77f48fca-6522-480f-8b99-ee47830938dc,2026-02-10 09:32:15+00:00,BTCUSDT,41737.216567,2.157548
6e802d9b-407d-4b2e-8135-d23efca332e5,2026-02-10 09:32:48+00:00,BTCUSDT,41748.662911,1.28499
69bfac01-889a-49f9-8bc8-8ee4d0e5df27,2026-02-10 09:32:57+00:00,BTCUSDT,41716.25076,1.947757
7b1ebfef-9d03-42d2-ad1e-d58df37cbacb,2026-02-10 09:33:03+00:00,BTCUSDT,41707.919489,1.44875
020f3e35-2d20-4ec8-96cd-3fc16745f097,2026-02-10 09:33:06+00:00,BTCUSDT,41734.959301,4.240368
20243d92-f757-44dd-8b57-f1224d896c4f,2026-02-10 09:33:12+00:00,BTCUSDT,41742.620189,1.319465
2d9925f5-ce5d-4d9d-b58b-e4c847e212a4,2026-02-10 09:33:18+00:00,BTCUSDT,41741.23431,0.497644
a27c65a4-527d-4af2-8a08-6b53375a7738,2026-02-10 09:33:24+00:00,BTCUSDT,41719.303667,0.861289
2a4370d2-c4b8-4fc5-a354-d65a9a986a6c,2026-02-10 09:33:27+00:00,BTCUSDT,41704.424505,2.752961
fb708ce9-2fa4-4979-a13a-fdbbc840a2d0,2026-02-10 09:33:36+00:00,BTCUSDT,41733.477831,0.669133
0aca116b-bbe6-4eaf-9dfd-91106a25cae8,2026-02-10 09:33:39+00:00,BTCUSDT,41744.494373,0.995004
63a73890-fd98-4470-97cb-f5c36453e21b,2026-02-10 09:33:54+00:00,BTCUSDT,41712.215115,1.681958
a4d4c207-12c1-4935-87f3-b403688249b0,2026-02-10 09:33:57+00:00,BTCUSDT,41718.592404,0.0
2b78ba80-b094-4fa4-b5ee-cc801304cf24,2026-02-10 09:34:33+00:00,BTCUSDT,41704.769364,5.003736
993d9e08-3a7c-4557-974a-c619ccbeafba,2026-02-10 09:34:42+00:00,BTCUSDT,41706.557358,0.454677
93494681-5f3d-4fec-964a-c6c0789eb6d9,2026-02-10 09:34:51+00:00,BTCUSDT,41693.749268,3.036624
f99dc8e2-f6dc-40d7-a547-52000cbb4150,2026-02-10 09:35:09+00:00,BTCUSDT,41683.93927,0.241152
1ac9d33d-76c0-490c-b521-96fa33d9dc79,2026-02-10 09:35:12+00:00,BTCUSDT,41685.375204,1.726067
99ead191-b63b-44b5-ada6-9ab29df5bb1b,2026-02-10 09:35:18+00:00,BTCUSDT,41655.588186,0.817377
9e44e852-b578-4230-b324-1327fbf95a40,2026-02-10 09:35:21+00:00,BTCUSDT,41661.750754,3.449688
54c5b40e-8cbf-4243-8717-bd266d02302e,2026-02-10 09:35:39+00:00,BTCUSDT,41630.902256,0.055474
a4240bef-799e-4d55-886a-010c1f702b07,2026-02-10 09:35:57+00:00,BTCUSDT,41624.254565,0.320733
fb8df464-8ea3-4d22-a641-355c724cbceb,2026-02-10 09:36:15+00:00,BTCUSDT,41642.500459,2.203302
f5474623-5631-496f-8dc0-bcd4d74ad2f5,2026-02-10 09:36:33+00:00,BTCUSDT,41649.121599,1.523128
d5dda617-4973-417d-b14f-7d245eac77e9,2026-02-10 09:36:45+00:00,BTCUSDT,41637.017194,1.079324
122652fc-f63c-4a49-9052-694c3960269e,2026-02-10 09:36:51+00:00,BTCUSDT,41628.557528,1.926496
dfcc9a02-4f68-4dc4-bc1a-8cd720dadf4d,2026-02-10 09:36:54+00:00,BTCUSDT,41630.844075,1.429942
c6c89528-4dc8-46ae-b468-365747e997ee,2026-02-10 09:37:03+00:00,BTCUSDT,41637.26774,2.102024
20d339ee-7c59-44c8-8b4f-bf5cf8845666,2026-02-10 09:37:24+00:00,BTCUSDT,41633.571657,3.141886
5f3cf792-1822-4f7d-9430-9cb86311939f,2026-02-10 09:37:57+00:00,BTCUSDT,41613.440472,2.47396
cfd9e788-308a-492f-9f08-0c9a9c40b352,2026-02-10 09:38:09+00:00,BTCUSDT,41634.104122,2.434614
df4b9fb8-94ce-4235-9d81-fbbe26462b02,2026-02-10 09:38:33+00:00,BTCUSDT,41633.65373,2.269158
a6e9d6d2-7204-413f-bc99-f9df652000f7,2026-02-10 09:38:54+00:00,BTCUSDT,41637.802118,3.080184
ce9b695a-7329-4f34-a37d-c52bf6c86392,2026-02-10 09:39:00+00:00,BTCUSDT,41633.446152,1.284527
e8304cde-0cc5-4b83-95f9-1deaeb6bb892,2026-02-10 09:39:09+00:00,BTCUSDT,41635.609283,1.935099
87a559e6-10eb-4349-b137-17312442b565,2026-02-10 09:39:12+00:00,BTCUSDT,41629.747534,1.350606
da1ccd2d-3743-470f-8d9c-0a88fa88f18e,2026-02-10 09:39:30+00:00,BTCUSDT,41610.258223,1.621011
196af9b1-a6f0-49f6-9361-556236fc6934,2026-02-10 09:39:33+00:00,BTCUSDT,41601.180927,1.891979
e3c2e7f4-aca0-4586-8c57-f46f4451f16a,2026-02-10 09:39:39+00:00,BTCUSDT,41602.06367,2.73057
f174ed9b-2720-40d6-8cac-77c59b02933b,2026-02-10 09:39:42+00:00,BTCUSDT,41603.628925,2.057863
f289b30e-d1f6-4e23-897c-3829e915871f,2026-02-10 09:40:00+00:00,BTCUSDT,41594.068621,2.081775
e040d5a0-67e5-4fc2-bccd-dd087316c151,2026-02-10 09:40:06+00:00,BTCUSDT,41625.269248,0.0
a126024e-075b-44b6-a92d-8070fe3d6633,2026-02-10 09:40:24+00:00,BTCUSDT,41595.694522,2.015168
eda534f0-6843-4b58-bf85-04a5f9884d54,2026-02-10 09:40:30+00:00,BTCUSDT,41602.19809,0.058997
1a227a05-79ec-4705-82a8-4a70f83915aa,2026-02-10 09:40:48+00:00,BTCUSDT,41631.483221,1.255126
96f2753d-4d0f-4448-8a15-8583445fe0ad,2026-02-10 09:40:54+00:00,BTCUSDT,41662.882978,0.412578
7e26fc76-3841-41eb-bdec-5fd40e9b0eb3,2026-02-10 09:41:06+00:00,BTCUSDT,41691.156929,1.743172
785b0caa-fcce-4303-bc8f-8024c781f284,2026-02-10 09:41:24+00:00,BTCUSDT,41705.690031,0.948517
7bc11bf3-7df6-4698-a474-df541a96063b,2026-02-10 09:41:30+00:00,BTCUSDT,41724.300798,1.210078
ba3fedc6-9012-4182-a5e8-8f83b4b9a912,2026-02-10 09:41:33+00:00,BTCUSDT,41711.554189,3.747119
df612d35-98fd-404e-924f-5eaf263a8d01,2026-02-10 09:41:45+00:00,BTCUSDT,41716.917644,1.149561
e824a641-57a6-4127-ac99-372c54c6990e,2026-02-10 09:41:51+00:00,BTCUSDT,41724.655813,1.736188
a151a2e0-1013-4808-b637-3befcf7fb924,2026-02-10 09:42:00+00:00,BTCUSDT,41705.215948,2.428938
26aee065-5e47-4ff2-a216-cc2aded21e20,2026-02-10 09:42:15+00:00,BTCUSDT,41696.796354,1.18348
3601217a-da15-48e6-89fe-69be7bfe7636,2026-02-10 09:43:12+00:00,BTCUSDT,41669.171623,4.645387
818b3c2e-ac0d-4a34-9796-a86b297e5651,2026-02-10 09:43:24+00:00,BTCUSDT,41688.379538,2.552673
ed0368c0-0f5c-480d-a59a-2bedb7650bc2,2026-02-10 09:43:30+00:00,BTCUSDT,41692.219854,3.333349
805679dd-d76f-479e-a179-e31cb61db83b,2026-02-10 09:43:36+00:00,BTCUSDT,41714.847517,2.144322
